%% This BibTeX bibliography file in UTF-8 format was created using Papers.
%% http://mekentosj.com/papers/

@article{Chopra:2005p2056,
author = {S Chopra and R Hadsell and Y LeCun}, 
journal = {IEEE COMPUTER SOCIETY CONFERENCE ON  {\ldots}},
title = {Learning a similarity metric discriminatively, with application to face verification},
year = {2005},
month = {Jan},
date-added = {2009-11-13 14:04:41 +0100},
date-modified = {2009-12-30 13:29:23 +0100},
pmid = {C35912DC-16B6-40FF-8E1C-621418C0A770},
URL = {http://citeseerx.ist.psu.edu/viewdoc/download?doi=10.1.1.72.2165&rep=rep1&type=pdf},
uri = {papers://385E3F6A-E184-42B6-BFDA-CCB7F1055AE8/Paper/p2056},
rating = {0}
}

@article{Tappert:1982p10305,
author = {C Tappert}, 
journal = {IBM Journal of Research and development},
title = {Cursive script recognition by elastic matching},
abstract = {However, with the increased interest in office systems, particularly those that reduce the principal's dependence on secretarial support, there is also a growing interest in com- municating with machines in a person's natural modalities,  The dynamic programming technique of elastic },
year = {1982},
month = {Jan},
date-added = {2010-07-30 15:23:03 +0200},
date-modified = {2010-07-30 15:23:03 +0200},
pmid = {18328758903579276477related:vfSe5RzVXP4J},
URL = {http://portal.acm.org/citation.cfm?id=1664966.1664979},
uri = {papers://385E3F6A-E184-42B6-BFDA-CCB7F1055AE8/Paper/p10305},
rating = {0}
}

@article{Vuong:2010p10279,
author = {B Vuong and Y He and S Hui}, 
journal = {Expert systems with applications},
title = {Towards a web-based progressive handwriting recognition environment for mathematical problem solving},
abstract = { There are currently a number of academic and commercial handwritten mathematical expression editors such as the     (FFES, 2005), Natural Log (Matsakis, Miller, {\&} Viola, 2003), Infity Editor (Fujimoto et al., 2007), MathJournal (XThink, 2007) and },
year = {2010},
month = {Jan},
date-added = {2010-07-26 20:49:59 +0200},
date-modified = {2010-07-26 20:49:59 +0200},
pmid = {related:dcfMkKpv5scJ},
URL = {http://linkinghub.elsevier.com/retrieve/pii/S0957417409005193},
local-url = {file://localhost/Users/daniel/Documents/Papers/2010/Vuong/Expert%20systems%20with%20applications%202010%20Vuong-1.pdf},
uri = {papers://385E3F6A-E184-42B6-BFDA-CCB7F1055AE8/Paper/p10279},
read = {Yes},
rating = {0}
}

@article{Pakin:2009p2664,
author = {S Pakin}, 
title = {The comprehensive latex symbol list},
year = {2009},
date-added = {2010-01-09 14:00:39 +0100},
date-modified = {2010-07-19 15:32:59 +0200},
pmid = {9219078496118257831related:pziSJQy_8H8J},
local-url = {file://localhost/Users/daniel/Documents/Papers/2009/Pakin/2009%20Pakin.pdf},
uri = {papers://385E3F6A-E184-42B6-BFDA-CCB7F1055AE8/Paper/p2664},
read = {Yes},
rating = {0}
}

@article{Huang:2006p421,
author = {B Huang and M Kechadi and A Campilho and M Kamel}, 
journal = {Lecture Notes in Computer Science},
title = {An hmm-snn method for online handwriting symbol recognition},
abstract = { Application of fuzzy logic to online  .  A recurrent neural network recogniser for online  of  . },
year = {2006},
month = {Jan},
date-added = {2009-06-10 09:59:24 +0200},
date-modified = {2009-06-10 09:59:24 +0200},
pmid = {15190279449006114033related:8QTtZK22ztIJ},
URL = {http://www.springerlink.com/index/a730h25554232587.pdf},
local-url = {file://localhost/Users/daniel/Documents/Papers/2006/Huang/Lecture%20Notes%20in%20Computer%20Science%202006%20Huang.pdf},
uri = {papers://385E3F6A-E184-42B6-BFDA-CCB7F1055AE8/Paper/p421},
rating = {0}
}

@article{Tapia:2008p11106,
author = {E Tapia and P Holzschneider and A Stoffel and S Ihlefeld and G Hohl}, 
journal = {Citeseer},
title = {MathFoR: The Mathematical Formula Recognition System},
abstract = { 14,  of -   expressions in the -  -an extension -- Tapia, Rojas - 2005.  5, A context for pen-Based  computing -- Smirnova, Watt - 2005. 4, Grouping text lines in freeform  notes -- Ye, Sutanto, et al. },
year = {2008},
month = {Jan},
date-added = {2010-08-16 17:01:34 +0200},
date-modified = {2010-08-16 17:01:34 +0200},
URL = {http://citeseerx.ist.psu.edu/viewdoc/summary?doi=10.1.1.94.2663},
local-url = {file://localhost/Users/daniel/Documents/Papers/2008/Tapia/Citeseer%202008%20Tapia-1.pdf},
uri = {papers://385E3F6A-E184-42B6-BFDA-CCB7F1055AE8/Paper/p11106},
rating = {0}
}

@article{FaundezZanuy:2007p9679,
author = {M Faundez-Zanuy}, 
journal = {Pattern Recognition},
title = {On-line signature recognition based on VQ-DTW},
abstract = { Dynamic  is also known as `` - ''.  Fig. 4. General scheme of a biometric system.  An HMM is a finite  machine, where a probability density function (pdf) is associated with each . The states are connected by transition probability. },
year = {2007},
month = {Jan},
date-added = {2010-07-26 18:19:04 +0200},
date-modified = {2010-07-26 18:19:04 +0200},
pmid = {12569334808922463960related:2J7G3Gk_b64J},
URL = {http://linkinghub.elsevier.com/retrieve/pii/S0031320306002780},
local-url = {file://localhost/Users/daniel/Documents/Papers/2007/Faundez-Zanuy/Pattern%20Recognition%202007%20Faundez-Zanuy.pdf},
uri = {papers://385E3F6A-E184-42B6-BFDA-CCB7F1055AE8/Paper/p9679},
rating = {0}
}

@article{Malon:2006p505,
author = {C Malon and S Uchida and M Suzuki}, 
journal = {Lecture Notes in Computer Science},
title = {Support Vector Machines for Mathematical Symbol Recognition},
abstract = { 6 Gaussian   kernel support vector machines, our   rates dramatically severely limits the potential benefit of a   . },
year = {2006},
month = {Jan},
date-added = {2009-06-10 10:42:23 +0200},
date-modified = {2009-12-30 13:24:50 +0100},
pmid = {1111454273667376680related:KKYI7sWtbA8J},
URL = {http://www.springerlink.com/index/76x773042012r338.pdf},
local-url = {file://localhost/Users/daniel/Documents/Papers/2006/Malon/Lecture%20Notes%20in%20Computer%20Science%202006%20Malon.pdf},
uri = {papers://385E3F6A-E184-42B6-BFDA-CCB7F1055AE8/Paper/p505},
read = {Yes},
rating = {1}
}

@article{Piramuthu:2004p9326,
author = {S Piramuthu}, 
journal = {European journal of operational research},
title = {Evaluating feature selection methods for learning in data mining applications},
abstract = {Recent advances in computing technology in terms of speed, cost, as well as access to tremendous amounts of computing power and the ability to process huge amounts of  in reasonable time has spurred increased interest in  to extract useful knowledge },
year = {2004},
month = {Jan},
date-added = {2010-03-23 13:51:30 +0100},
date-modified = {2010-03-23 13:51:30 +0100},
pmid = {8087092610326295624related:SHQvwOEfO3AJ},
URL = {http://linkinghub.elsevier.com/retrieve/pii/S0377221702009116},
local-url = {file://localhost/Users/daniel/Documents/Papers/2004/Piramuthu/European%20journal%20of%20operational%20research%202004%20Piramuthu.pdf},
uri = {papers://385E3F6A-E184-42B6-BFDA-CCB7F1055AE8/Paper/p9326},
rating = {0}
}

@article{Tappert:1990p10302,
author = {CC Tappert and CY Suen and T Wakahara}, 
journal = {IEEE transactions on pattern analysis and machine intelligence},
title = {The state of the art in online handwriting recognition},
pages = {787--808},
year = {1990},
date-added = {2010-07-30 13:51:35 +0200},
date-modified = {2010-07-30 13:53:05 +0200},
pmid = {8198130852355438617related:GfjQHJOcxXEJ},
local-url = {file://localhost/Users/daniel/Documents/Papers/1990/Tappert/IEEE%20transactions%20on%20pattern%20analysis%20and%20machine%20intelligence%201990%20Tappert.pdf},
uri = {papers://385E3F6A-E184-42B6-BFDA-CCB7F1055AE8/Paper/p10302},
read = {Yes},
rating = {0}
}

@article{Wei:2007p3569,
author = {H Wei and S Billings}, 
journal = {IEEE transactions on pattern analysis {\ldots}},
title = {Feature subset selection and ranking for data dimensionality reduction},
abstract = {Abstract---A new unsupervised forward orthogonal search (FOS) algorithm is introduced for  and ranking. In the new algorithm, features are selected in a stepwise way, one at a time, by estimating the capability of each specified candidate  subset to represent },
year = {2007},
month = {Jan},
keywords = {feature selection}, 
date-added = {2010-03-21 14:39:00 +0100},
date-modified = {2010-03-21 16:18:24 +0100},
pmid = {11228051721926820935related:R0QpZY0N0psJ},
URL = {http://eprints.whiterose.ac.uk/archive/00001947/},
local-url = {file://localhost/Users/daniel/Documents/Papers/2007/Wei/IEEE%20transactions%20on%20pattern%20analysis%20%E2%80%A6%202007%20Wei.pdf},
uri = {papers://385E3F6A-E184-42B6-BFDA-CCB7F1055AE8/Paper/p3569},
rating = {0}
}

@article{Zappi:2009p5878,
author = {P Zappi and B Milosevic and E Farella and L Benini}, 
journal = {Entertainment Computing},
title = {Hidden Markov Model based gesture recognition on low-cost, low-power Tangible {\ldots}},
abstract = { Received 10 June 2009; revised 14 September 2009; accepted 27 September 2009. Available 2 October 2009. Abstract.  The recognition algorithms developed in previous work rely on time invariant  extracted from the acceleration stream. },
year = {2009},
month = {Jan},
date-added = {2010-03-21 16:22:10 +0100},
date-modified = {2010-03-21 16:22:10 +0100},
URL = {http://linkinghub.elsevier.com/retrieve/pii/S1875952109000081},
local-url = {file://localhost/Users/daniel/Documents/Papers/2009/Zappi/Entertainment%20Computing%202009%20Zappi.pdf},
uri = {papers://385E3F6A-E184-42B6-BFDA-CCB7F1055AE8/Paper/p5878},
rating = {0}
}

@article{Bahlmann:2006p914,
author = {C Bahlmann}, 
journal = {Pattern Recognition},
title = {Directional features in online handwriting recognition},
number = {1},
pages = {115--125},
volume = {39},
year = {2006},
date-added = {2009-06-10 21:12:00 +0200},
date-modified = {2010-01-25 12:21:42 +0100},
pmid = {2921285930736904661related:1WnrjBN-iigJ},
local-url = {file://localhost/Users/daniel/Documents/Papers/2006/Bahlmann/Pattern%20Recognition%202006%20Bahlmann.pdf},
uri = {papers://385E3F6A-E184-42B6-BFDA-CCB7F1055AE8/Paper/p914},
read = {Yes},
rating = {0}
}

@article{Friedland:2007p10017,
author = {G Friedland and W H{\"u}rst and L Knipping}, 
journal = {Proceedings of the international {\ldots}},
title = {Educational multimedia systems: the past, the present, and a glimpse into the future},
abstract = { Juni 136 10623 Berlin, Germany knipping@ .tu-berlin.de  Xerox PARC not only pioneered the graphical user inter- face, its former division LiveWorks also produced the first digital whiteboards, the LiveBoard [1]. The  used  rear-projection screen controlled by  },
year = {2007},
month = {Jan},
date-added = {2010-07-26 18:32:50 +0200},
date-modified = {2010-07-26 18:34:59 +0200},
pmid = {1103477539694029647related:T6sV0_lWUA8J},
URL = {http://portal.acm.org/citation.cfm?id=1290145},
local-url = {file://localhost/Users/daniel/Documents/Papers/2007/Friedland/Proceedings%20of%20the%20international%20%E2%80%A6%202007%20Friedland.pdf},
uri = {papers://385E3F6A-E184-42B6-BFDA-CCB7F1055AE8/Paper/p10017},
read = {Yes},
rating = {0}
}

@article{Tapia:2008p11059,
author = {E Tapia and P Holzschneider and A Stoffel and S Ihlefeld and G Hohl}, 
journal = {Citeseer},
title = {MathFoR: The Mathematical Formula Recognition System},
abstract = { 14,  of -   expressions in the -  -an extension -- Tapia, Rojas - 2005.  5, A context for pen-Based  computing -- Smirnova, Watt - 2005. 4, Grouping text lines in freeform  notes -- Ye, Sutanto, et al. },
year = {2008},
month = {Jan},
date-added = {2010-08-16 16:43:11 +0200},
date-modified = {2010-08-16 16:43:11 +0200},
URL = {http://citeseerx.ist.psu.edu/viewdoc/summary?doi=10.1.1.94.2663},
local-url = {file://localhost/Users/daniel/Documents/Papers/2008/Tapia/Citeseer%202008%20Tapia.pdf},
uri = {papers://385E3F6A-E184-42B6-BFDA-CCB7F1055AE8/Paper/p11059},
read = {Yes},
rating = {0}
}

@article{LaViolaJr:2004p306,
author = {J LaViola Jr and R Zeleznik}, 
journal = {ACM Transactions on Graphics (TOG)},
title = {MathPad 2: a system for the creation and exploration of mathematical sketches},
abstract = { the ambiguities that arise in many - mathematical sketches  a bounding box rectangle is  around the  Second, each ink  within a recognized },
year = {2004},
month = {Jan},
date-added = {2009-06-10 09:55:54 +0200},
date-modified = {2009-06-10 09:55:54 +0200},
pmid = {10398627687845804133related:ZTiXrclYT5AJ},
URL = {http://portal.acm.org/citation.cfm?id=1186562.1015741},
local-url = {file://localhost/Users/daniel/Documents/Papers/2004/LaViola%20Jr/ACM%20Transactions%20on%20Graphics%20(TOG)%202004%20LaViola%20Jr.pdf},
uri = {papers://385E3F6A-E184-42B6-BFDA-CCB7F1055AE8/Paper/p306},
read = {Yes},
rating = {0}
}

@article{Zhang:2006p466,
author = {W Zhang and L Wenyin and K Zhang}, 
journal = {IEEE transactions on pattern analysis and machine {\ldots}},
title = {Symbol recognition with kernel density matching},
abstract = {Page 1.   with Kernel Density Matching  Index Terms---  , graphics , kernel density, independent component analysis. },
year = {2006},
month = {Jan},
date-added = {2009-06-10 10:00:12 +0200},
date-modified = {2009-06-10 10:00:12 +0200},
pmid = {2824842747123407388related:HBqhCIPbMycJ},
URL = {http://www.computer.org/portal/cms_docs_transactions/transactions/tpami/featured_article/i2020.pdf},
local-url = {file://localhost/Users/daniel/Documents/Papers/2006/Zhang/IEEE%20transactions%20on%20pattern%20analysis%20and%20machine%20%E2%80%A6%202006%20Zhang.pdf},
uri = {papers://385E3F6A-E184-42B6-BFDA-CCB7F1055AE8/Paper/p466},
rating = {0}
}

@article{Golubitsky:2009p2433,
author = {O Golubitsky and SM Watt}, 
title = {Distance-based classification of handwritten symbols},
year = {2009},
date-added = {2009-12-30 13:15:32 +0100},
date-modified = {2010-01-25 12:21:33 +0100},
pmid = {964801221659280539related:m0Tdb5mpYw0J},
local-url = {file://localhost/Users/daniel/Documents/Papers/2009/Golubitsky/2009%20Golubitsky.pdf},
uri = {papers://385E3F6A-E184-42B6-BFDA-CCB7F1055AE8/Paper/p2433},
read = {Yes},
rating = {0}
}

@article{Salvador:2007p10300,
author = {S Salvador and P Chan}, 
journal = {Intelligent Data Analysis},
title = {Toward accurate dynamic time warping in linear time and space},
number = {5},
pages = {561--580},
volume = {11},
year = {2007},
date-added = {2010-07-30 13:49:21 +0200},
date-modified = {2010-07-30 15:46:01 +0200},
pmid = {16240960257095439085related:7RJpN057Y-EJ},
local-url = {file://localhost/Users/daniel/Documents/Papers/2007/Salvador/Intelligent%20Data%20Analysis%202007%20Salvador.pdf},
uri = {papers://385E3F6A-E184-42B6-BFDA-CCB7F1055AE8/Paper/p10300},
read = {Yes},
rating = {0}
}

@article{Lee:2008p10339,
author = {L Lee and W Wei}, 
journal = {Computer Supported Cooperative Work in Design IV},
title = {Comparison Study on Sketching Behaviors with and without Interactive Pen Displays},
abstract = { sketching. In the experimental group, all participants could interact synchronously by  web camera and an interactive  display each site in an Intranet environment. Page 5.   on Sketching Behaviors 571 They },
year = {2008},
month = {Jan},
date-added = {2010-07-30 16:12:10 +0200},
date-modified = {2010-07-30 16:12:10 +0200},
pmid = {related:Yazjuqe9WjcJ},
URL = {http://www.springerlink.com/index/e78l8484426vkx12.pdf},
local-url = {file://localhost/Users/daniel/Documents/Papers/2008/Lee/Computer%20Supported%20Cooperative%20Work%20in%20Design%20IV%202008%20Lee.pdf},
uri = {papers://385E3F6A-E184-42B6-BFDA-CCB7F1055AE8/Paper/p10339},
read = {Yes},
rating = {0}
}

@article{Li:2008p11083,
author = {C Li and R Zeleznik and T Miller}, 
journal = {{\ldots} on Pattern Recognition},
title = {Online recognition of handwritten mathematical expressions with support for matrices},
abstract = { A  for real-time  of   .  Conf. on Document Analysis and  (ICDAR'01), pages 1059--1063, Seattle, WA, Sept  An - handwrit- ten  equation   that can process matrix ex- pressions by },
year = {2008},
month = {Jan},
date-added = {2010-08-16 16:45:01 +0200},
date-modified = {2010-08-16 16:45:01 +0200},
pmid = {11819594865842986695related:xx6aV-iiB6QJ},
URL = {http://ieeexplore.ieee.org/xpls/abs_all.jsp?arnumber=4761825},
uri = {papers://385E3F6A-E184-42B6-BFDA-CCB7F1055AE8/Paper/p11083},
rating = {0}
}

@article{Kholmatov:2005p2892,
author = {A Kholmatov and B Yanikoglu}, 
journal = {Pattern Recognition Letters},
title = {Identity authentication using improved online signature verification method},
abstract = {We present a system for online handwritten , approaching the problem as a two-class pattern recognition problem. A test  authenticity is established by first aligning it with each reference  for the claimed user, using dynamic time warping. The },
year = {2005},
month = {Jan},
date-added = {2010-03-21 13:41:33 +0100},
date-modified = {2010-03-21 13:41:33 +0100},
pmid = {2443992826324287303related:R3-p1obO6iEJ},
URL = {http://linkinghub.elsevier.com/retrieve/pii/S0167865505001376},
local-url = {file://localhost/Users/daniel/Documents/Papers/2005/Kholmatov/Pattern%20Recognition%20Letters%202005%20Kholmatov.pdf},
uri = {papers://385E3F6A-E184-42B6-BFDA-CCB7F1055AE8/Paper/p2892},
rating = {0}
}

@article{Uchida:2003p2058,
author = {S Uchida and H Sakoe}, 
journal = {Proc. ICDAR},
title = {Handwritten character recognition using elastic matching based on a class-dependent  {\ldots}},
year = {2003},
month = {Jan},
date-added = {2009-11-13 14:04:31 +0100},
date-modified = {2009-11-13 14:04:44 +0100},
pmid = {CE74DCFC-2AAA-42F6-B314-BC79917951DE},
URL = {http://citeseerx.ist.psu.edu/viewdoc/download?doi=10.1.1.3.375&rep=rep1&type=pdf},
local-url = {file://localhost/Users/daniel/Documents/Papers/2003/Uchida/Proc.%20ICDAR%202003%20Uchida.pdf},
uri = {papers://385E3F6A-E184-42B6-BFDA-CCB7F1055AE8/Paper/p2058},
read = {Yes},
rating = {0}
}

@article{Golubitsky:2009p2456,
author = {O Golubitsky and SM Watt}, 
journal = {Proceedings of the 16th Symposium, 8th International Conference. Held as Part of CICM'09 on Intelligent Computer Mathematics},
title = {Confidence Measures in Recognizing Handwritten Mathematical Symbols},
pages = {466},
year = {2009},
date-added = {2009-12-30 13:13:30 +0100},
date-modified = {2010-01-25 12:19:05 +0100},
pmid = {10329384043846570590related:XhIQeg9YWY8J},
local-url = {file://localhost/Users/daniel/Documents/Papers/2009/Golubitsky/Proceedings%20of%20the%2016th%20Symposium%208th%20International%20Conference.%20Held%20as%20Part%20of%20CICM'09%20on%20Intelligent%20Computer%20Mathematics%202009%20Golubitsky.pdf},
uri = {papers://385E3F6A-E184-42B6-BFDA-CCB7F1055AE8/Paper/p2456},
read = {Yes},
rating = {0}
}

@article{Matasakis:1999p9465,
author = {N E Matasakis}, 
title = {Recognition of Handwritten Mathematical Expressions},
year = {1999},
date-added = {2010-07-26 15:13:33 +0200},
date-modified = {2010-07-26 18:02:23 +0200},
URL = {http://www.ai.mit.edu/projects/natural-log/papers/matsakis-MEng-99.pdf},
local-url = {file://localhost/Users/daniel/Documents/Papers/1999/Matasakis/1999%20Matasakis.pdf},
uri = {papers://385E3F6A-E184-42B6-BFDA-CCB7F1055AE8/Paper/p9465},
read = {Yes},
rating = {0}
}

@article{Garain:2004p11077,
author = {U Garain and B Chaudhuri}, 
journal = {IEEE Transactions on Systems},
title = {Recognition of online handwritten mathematical expressions},
abstract = { of this paper is to describe an improved  for understanding -   MEs  and Rojas [20] who proposed a support vector machine based  of  symbols and  A. Symbol  For  of symbols, our algorithm tries to exploit the },
year = {2004},
month = {Jan},
date-added = {2010-08-16 16:46:03 +0200},
date-modified = {2010-08-16 16:46:03 +0200},
pmid = {18209276337886907984related:UM6sOFpYtPwJ},
URL = {http://ieeexplore.ieee.org/xpls/abs_all.jsp?arnumber=1356025},
uri = {papers://385E3F6A-E184-42B6-BFDA-CCB7F1055AE8/Paper/p11077},
rating = {0}
}

@article{Durdle:2004p1826,
author = {K Durdle}, 
journal = {orcca.on.ca},
title = {Supporting Mathematical Handwriting Recognition through an Extended Digital Ink  {\ldots}},
year = {2004},
month = {Jan},
date-added = {2009-09-02 10:40:49 +0200},
date-modified = {2009-12-30 13:30:05 +0100},
pmid = {4C4E3A93-7023-404A-AE85-37D2AAC38823},
URL = {http://www.orcca.on.ca/penmath/materials/theses/KevinDurdleMSc2004.pdf},
local-url = {file://localhost/Users/daniel/Documents/Papers/2004/Durdle/orcca.on.ca%202004%20Durdle.pdf},
uri = {papers://385E3F6A-E184-42B6-BFDA-CCB7F1055AE8/Paper/p1826},
read = {Yes},
rating = {0}
}

@article{Fitzgerald:2005p331,
author = {J Fitzgerald and B Huang and T Kechadi}, 
journal = {Lecture Notes in Computer Science},
title = {An efficient hybrid approach for online recognition of handwritten symbols},
abstract = { majority of recognisers for   have been  possible ways of forming all .  learning problems, including    [11 },
year = {2005},
month = {Jan},
date-added = {2009-06-10 09:57:22 +0200},
date-modified = {2009-06-10 09:57:22 +0200},
pmid = {10251605093287504984related:WKz8WoQERY4J},
URL = {http://www.springerlink.com/index/fg6r8778630773m2.pdf},
local-url = {file://localhost/Users/daniel/Documents/Papers/2005/Fitzgerald/Lecture%20Notes%20in%20Computer%20Science%202005%20Fitzgerald.pdf},
uri = {papers://385E3F6A-E184-42B6-BFDA-CCB7F1055AE8/Paper/p331},
rating = {0}
}

@article{Keshari:2008p528,
author = {B Keshari and SM Watt}, 
journal = {Proc. Mathematical User-Interfaces Workshop (MathUI)},
title = {Online mathematical symbol recognition using svms with features from functional approximation},
year = {2008},
date-added = {2009-06-10 10:41:28 +0200},
date-modified = {2010-01-25 12:24:58 +0100},
pmid = {13960900230873361936related:EC7gvcoUv8EJ},
local-url = {file://localhost/Users/daniel/Documents/Papers/2008/Keshari/Proc.%20Mathematical%20User-Interfaces%20Workshop%20(MathUI)%202008%20Keshari.pdf},
uri = {papers://385E3F6A-E184-42B6-BFDA-CCB7F1055AE8/Paper/p528},
read = {Yes},
rating = {0}
}

@article{Liu:2004p710,
author = {C Liu and S Jaeger and M Nakagawa}, 
journal = {IEEE transactions on pattern analysis and machine {\ldots}},
title = {Online recognition of Chinese characters: the state-of-the-art},
abstract = { Chang, ``Two-Layer Assignment Method for  Chinese Character  JW Tai, ``Structural Approach to - Chinese Character ,'' <i>Proc. },
year = {2004},
month = {Jan},
date-added = {2009-06-10 16:18:28 +0200},
date-modified = {2009-06-10 16:18:28 +0200},
pmid = {8098859544791953758related:XjEbrdjtZHAJ},
URL = {http://portal.acm.org/citation.cfm?id=960302},
uri = {papers://385E3F6A-E184-42B6-BFDA-CCB7F1055AE8/Paper/p710},
rating = {0}
}

@article{Garcia:2002p611,
author = {P Garcia and B Couasnon}, 
journal = {Lecture Notes in Computer Science},
title = {Using a generic document recognition method for mathematical formulae recognition},
abstract = { 557-582, 1997. 238, 242 9. S. Lavirotte L. Pottier. Mathematical  using graph grammar. Electronic Imaging, 1998. 238},
year = {2002},
month = {Jan},
date-added = {2009-06-10 16:14:43 +0200},
date-modified = {2009-06-10 16:14:44 +0200},
pmid = {15012535844787173026related:orZbns89V9AJ},
URL = {http://www.springerlink.com/index/1fyr3t7u6qmg3r4u.pdf},
local-url = {file://localhost/Users/daniel/Documents/Papers/2002/Garcia/Lecture%20Notes%20in%20Computer%20Science%202002%20Garcia-1.pdf},
uri = {papers://385E3F6A-E184-42B6-BFDA-CCB7F1055AE8/Paper/p611},
rating = {0}
}

@article{Chhabra:1998p67,
author = {A Chhabra}, 
journal = {Lecture Notes in Computer Science},
title = {Graphic symbol recognition: An overview},
abstract = { The Neocognitron based  musical note  reader with loop-structure-based  .  Recognizing - electrical circuit  with },
year = {1998},
month = {Jan},
date-added = {2009-06-10 09:49:11 +0200},
date-modified = {2009-06-10 20:22:42 +0200},
pmid = {11776971086656481862related:Rqo0Zs40cKMJ},
URL = {http://www.springerlink.com/index/8w255460hx362vvj.pdf},
local-url = {file://localhost/Users/daniel/Documents/Papers/1998/Chhabra/Lecture%20Notes%20in%20Computer%20Science%201998%20Chhabra.pdf},
uri = {papers://385E3F6A-E184-42B6-BFDA-CCB7F1055AE8/Paper/p67},
read = {Yes},
rating = {1}
}

@article{Scattolin:1995p1821,
author = {P Scattolin}, 
journal = {Citeseer},
title = {Entitled: Recognition of Handwritten Numerals Using Elastic Matching},
year = {1995},
month = {Jan},
date-added = {2009-09-02 10:40:49 +0200},
date-modified = {2009-12-30 12:20:37 +0100},
pmid = {515EB166-5435-4602-998A-09062F498493},
URL = {http://citeseerx.ist.psu.edu/viewdoc/download?doi=10.1.1.40.8661&rep=rep1&type=pdf},
local-url = {file://localhost/Users/daniel/Documents/Papers/1995/Scattolin/Citeseer%201995%20Scattolin.pdf},
uri = {papers://385E3F6A-E184-42B6-BFDA-CCB7F1055AE8/Paper/p1821},
read = {Yes},
rating = {0}
}

@article{Tapia:2004p2713,
author = {E Tapia and R Rojas}, 
journal = {Lecture Notes in Computer Science},
title = {Recognition of on-line handwritten mathematical expressions using a minimum {\ldots}},
abstract = {Recognizing  formulae is an important pattern  prob- lem, because expressions constitute an essential part of the nota- tion in most scientific disciplines. In off-line , handwritten or printed formulas are given in the form of images or bit-maps, a },
year = {2004},
month = {Jan},
date-added = {2010-01-25 13:34:31 +0100},
date-modified = {2010-01-25 13:34:31 +0100},
pmid = {17536746854295714141related:Xbk-rlkKX_MJ},
URL = {http://www.springerlink.com/index/WA96AUFCLXCG7QBH.pdf},
local-url = {file://localhost/Users/daniel/Documents/Papers/2004/Tapia/Lecture%20Notes%20in%20Computer%20Science%202004%20Tapia-1.pdf},
uri = {papers://385E3F6A-E184-42B6-BFDA-CCB7F1055AE8/Paper/p2713},
read = {Yes},
rating = {0}
}

@article{Sousa:2010p7043,
author = {P Sousa and M Fonseca}, 
journal = {Journal of Visual Languages {\&} Computing},
title = {Sketch-based retrieval of drawings using spatial proximity},
abstract = { Available  4 January 2010. Abstract.  Users associate - sketches to each album, during creation, which are then compared to sketched queries, using a dual-classifier recognition algorithm that uses global  to describe an entire sketch. },
year = {2010},
month = {Jan},
date-added = {2010-03-21 16:32:07 +0100},
date-modified = {2010-03-21 16:32:07 +0100},
URL = {http://linkinghub.elsevier.com/retrieve/pii/S1045926X09000779},
local-url = {file://localhost/Users/daniel/Documents/Papers/2010/Sousa/Journal%20of%20Visual%20Languages%20&%20Computing%202010%20Sousa.pdf},
uri = {papers://385E3F6A-E184-42B6-BFDA-CCB7F1055AE8/Paper/p7043},
read = {Yes},
rating = {0}
}

@article{Ketabdar:2005p3130,
author = {H Ketabdar and J Richiardi and A Drygajlo}, 
journal = {{\ldots} International Graphonomics Society {\ldots}},
title = {Global feature selection for on-line signature verification},
abstract = {Abstract. A large number of features can be used to represent - handwritten signatures in  tasks. Depending on the  database and acquisition conditions, some features will not help in separating writers in the  space so that an appropriate },
year = {2005},
month = {Jan},
date-added = {2010-03-21 14:35:12 +0100},
date-modified = {2010-03-21 14:35:12 +0100},
pmid = {8923961297094974355related:kxuuvoRH2HsJ},
URL = {http://citeseerx.ist.psu.edu/viewdoc/download?doi=10.1.1.90.1279&rep=rep1&type=pdf},
local-url = {file://localhost/Users/daniel/Documents/Papers/2005/Ketabdar/%E2%80%A6%20International%20Graphonomics%20Society%20%E2%80%A6%202005%20Ketabdar.pdf},
uri = {papers://385E3F6A-E184-42B6-BFDA-CCB7F1055AE8/Paper/p3130},
rating = {0}
}

@article{Manke:1996p9473,
author = {S Manke and M Finke and A Waibel}, 
journal = {Progress in Handwriting Recognition},
title = {A fast search technique for large vocabulary on-line handwriting recognition},
abstract = {CiteSeerX - Document Details (Isaac Councill, Lee Giles): -of-the- on-  The tree search with pruning is about 15 times faster than a flat search and allows us to run the NPen ++ on-  system in real-time with dictionary sizes up to 100000 },
year = {1996},
month = {Jan},
date-added = {2010-07-26 18:09:50 +0200},
date-modified = {2010-07-26 18:09:50 +0200},
pmid = {13589628018521253290related:qqWnka4OmLwJ},
URL = {http://citeseerx.ist.psu.edu/viewdoc/summary?doi=10.1.1.43.9677},
local-url = {file://localhost/Users/daniel/Documents/Papers/1996/Manke/Progress%20in%20Handwriting%20Recognition%201996%20Manke.pdf},
uri = {papers://385E3F6A-E184-42B6-BFDA-CCB7F1055AE8/Paper/p9473},
rating = {0}
}

@article{tenHolt:2007p10160,
author = {G ten Holt and M Reinders}, 
journal = {{\ldots} annual conference of the {\ldots}},
title = {Multi-dimensional dynamic time warping for gesture recognition},
abstract = { [8] Stan Salvador and Philip Chan. Fastdtw:      in  and . In KDD Workshop on Mining Temporal and Sequential Data, 2004. [9] Michail Vlachos, Marios Hadjieleftheriou, Dim- itrios Gunopulos, and Eamonn Keogh. },
year = {2007},
month = {Jan},
date-added = {2010-07-26 18:40:54 +0200},
date-modified = {2010-07-26 18:41:57 +0200},
pmid = {16840625028615709972related:FCUx8jzrtekJ},
URL = {http://ict.ewi.tudelft.nl/pub/gineke/DTW-vASCI.pdf},
local-url = {file://localhost/Users/daniel/Documents/Papers/2007/ten%20Holt/%E2%80%A6%20annual%20conference%20of%20the%20%E2%80%A6%202007%20ten%20Holt.pdf},
uri = {papers://385E3F6A-E184-42B6-BFDA-CCB7F1055AE8/Paper/p10160},
read = {Yes},
rating = {0}
}

@article{Dimitriadis:1995p9500,
author = {Y Dimitriadis and J L{\'o}pez Coronado}, 
journal = {Pattern Recognition},
title = {Towards an ART based mathematical editor, that uses on-line handwritten symbol recognition},
abstract = { of one of the existing or noncommitted nodes, using a winnertakeall rule thus concluding to a resonant .  criteria were used: A combined change of symbol, word and  is sameline same detected when: dx Dx and dr Dr Towards an  based mathematical editor },
year = {1995},
month = {Jan},
date-added = {2010-07-26 18:11:36 +0200},
date-modified = {2010-07-26 18:11:36 +0200},
pmid = {11630762513175663966related:XtXDIOLEaKEJ},
URL = {http://linkinghub.elsevier.com/retrieve/pii/003132039400160N},
local-url = {file://localhost/Users/daniel/Documents/Papers/1995/Dimitriadis/Pattern%20Recognition%201995%20Dimitriadis.pdf},
uri = {papers://385E3F6A-E184-42B6-BFDA-CCB7F1055AE8/Paper/p9500},
read = {Yes},
rating = {0}
}

@article{Pan:2009p5991,
author = {H Pan and D Liang and J Tang and N Wang and W Li}, 
journal = {Tsinghua Science {\&} Technology},
title = {Shape Recognition and Retrieval Based on Edit Distance and Dynamic {\ldots}},
abstract = { Available  1 December 2009. Abstract.  The algorithm first extracts the skeletal  using the medial axis transform. Then, the  are transformed into a string of  with the similarity among those  computed based on the edit distance. },
year = {2009},
month = {Jan},
date-added = {2010-03-21 16:22:46 +0100},
date-modified = {2010-03-21 16:22:46 +0100},
URL = {http://linkinghub.elsevier.com/retrieve/pii/S1007021409701440},
local-url = {file://localhost/Users/daniel/Documents/Papers/2009/Pan/Tsinghua%20Science%20&%20Technology%202009%20Pan.pdf},
uri = {papers://385E3F6A-E184-42B6-BFDA-CCB7F1055AE8/Paper/p5991},
rating = {0}
}

@article{Lemire:2009p7720,
author = {D Lemire}, 
journal = {Pattern Recognition},
title = {Faster retrieval with a two-pass dynamic-time-warping lower bound},
abstract = { Available online 10 December 2008. Abstract. The dynamic   (DTW) is a popular similarity measure between  series. The DTW fails to satisfy the triangle inequality and its computation requires quadratic .  4. Dynamic  . },
year = {2009},
month = {Jan},
keywords = {DTW}, 
date-added = {2010-03-21 18:00:24 +0100},
date-modified = {2010-07-30 13:54:49 +0200},
pmid = {15440631246225683051related:azIUe08kSNYJ},
URL = {http://linkinghub.elsevier.com/retrieve/pii/S0031320308004925},
local-url = {file://localhost/Users/daniel/Documents/Papers/2009/Lemire/Pattern%20Recognition%202009%20Lemire.pdf},
uri = {papers://385E3F6A-E184-42B6-BFDA-CCB7F1055AE8/Paper/p7720},
read = {Yes},
rating = {5}
}

@article{Willems:2009p8428,
author = {D Willems and R Niels and M van Gerven and L Vuurpijl}, 
journal = {Pattern Recognition},
title = {Iconic and multi-stroke gesture recognition},
abstract = {  design and learning 4.2.1. Feature-based classification using MLP and SVM 4.2  time warping (DTW) [22] can be employed for performing non-linear  matching. Finally, to improve the processing of - gestures, more elaborate and distinguishing features },
year = {2009},
month = {Jan},
date-added = {2010-03-22 23:59:19 +0100},
date-modified = {2010-03-22 23:59:19 +0100},
pmid = {3631221434536682855related:Z-VX2qewZDIJ},
URL = {http://linkinghub.elsevier.com/retrieve/pii/S0031320309000387},
local-url = {file://localhost/Users/daniel/Documents/Papers/2009/Willems/Pattern%20Recognition%202009%20Willems.pdf},
uri = {papers://385E3F6A-E184-42B6-BFDA-CCB7F1055AE8/Paper/p8428},
read = {Yes},
rating = {0}
}

@article{Li:2008p11431,
author = {C Li and R Zeleznik and T Miller and JJ LaViola}, 
journal = {19th International Conference on Pattern Recognition, 2008. ICPR 2008},
title = {Online recognition of handwritten mathematical expressions with support for matrices},
pages = {1--4},
year = {2008},
date-added = {2010-08-17 11:40:05 +0200},
date-modified = {2010-08-17 11:40:38 +0200},
pmid = {11819594865842986695related:xx6aV-iiB6QJ},
local-url = {file://localhost/Users/daniel/Documents/Papers/2008/Li/19th%20International%20Conference%20on%20Pattern%20Recognition%202008.%20ICPR%202008%202008%20Li.pdf},
uri = {papers://385E3F6A-E184-42B6-BFDA-CCB7F1055AE8/Paper/p11431},
rating = {0}
}

@article{Schlapbach:2007p3013,
author = {A Schlapbach and H Bunke}, 
journal = {Pattern Analysis {\&} Applications},
title = {A writer identification and verification system using hmm based recognizers},
abstract = { Surveys covering work in  writer identifica- tion and   until 1993 are given in [16, 22].  These invariants are detected using an  grapheme clustering procedure  l avg based on the N-best ranked competing writers according to (6), where (t) is },
year = {2007},
month = {Jan},
date-added = {2010-03-21 14:28:04 +0100},
date-modified = {2010-03-21 14:28:04 +0100},
pmid = {13452058720001588086related:dvtjPyJQr7oJ},
URL = {http://www.springerlink.com/index/A187V21P752KV0T1.pdf},
local-url = {file://localhost/Users/daniel/Documents/Papers/2007/Schlapbach/Pattern%20Analysis%20&%20Applications%202007%20Schlapbach.pdf},
uri = {papers://385E3F6A-E184-42B6-BFDA-CCB7F1055AE8/Paper/p3013},
rating = {0}
}

@article{Suen:2003p1888,
author = {C Suen and S Mori and S Kim and C Leung}, 
journal = {Document Analysis and Recognition},
title = {Analysis and recognition of Asian scripts-the state of the art},
abstract = { 4: Grapheme segmentation with subgraph  [K6]  numerics, based on his normalization , called Global  Miyake-Kimura group conducted  large-scale },
year = {2003},
month = {Jan},
date-added = {2009-09-13 09:47:09 +0200},
date-modified = {2009-09-13 09:47:09 +0200},
pmid = {10306891715801462100related:VDXDQmhvCY8J},
URL = {http://ieeexplore.ieee.org/xpls/abs_all.jsp?arnumber=1227785},
uri = {papers://385E3F6A-E184-42B6-BFDA-CCB7F1055AE8/Paper/p1888},
rating = {0}
}

@article{Jaeger:2003p1097,
author = {S Jaeger and CL Liu and M Nakagawa}, 
journal = {International Journal on Document Analysis and Recognition},
title = {The state of the art in Japanese online handwriting recognition compared to techniques in western handwriting recognition},
number = {2},
pages = {75--88},
volume = {6},
year = {2003},
date-added = {2009-06-10 21:58:47 +0200},
date-modified = {2010-01-25 12:14:36 +0100},
pmid = {1898658341731304345related:mQO6yLNjWRoJ},
local-url = {file://localhost/Users/daniel/Documents/Papers/2003/Jaeger/International%20Journal%20on%20Document%20Analysis%20and%20Recognition%202003%20Jaeger.pdf},
uri = {papers://385E3F6A-E184-42B6-BFDA-CCB7F1055AE8/Paper/p1097},
read = {Yes},
rating = {5}
}

@article{Keogh:1999p7520,
author = {E Keogh and M Pazzani}, 
journal = {Lecture Notes in Computer Science},
title = {Scaling up dynamic time warping to massive dataset},
abstract = {JM Zytkow and J. Rauch (Eds.): PKDD'99, LNAI 1704, pp. 1-11, 1999. {\copyright} Springer-Verlag Berlin Heidelberg 1999  to   Eamonn J. Keogh and Michael J. Pazzani  Department of Information and Computer Science University of },
year = {1999},
month = {Jan},
date-added = {2010-03-21 16:52:34 +0100},
date-modified = {2010-03-21 16:52:35 +0100},
pmid = {17206890477528576509related:_XEkKrkny-4J},
URL = {http://www.springerlink.com/index/QMN64AJBLXMN7QH4.pdf},
local-url = {file://localhost/Users/daniel/Documents/Papers/1999/Keogh/Lecture%20Notes%20in%20Computer%20Science%201999%20Keogh-1.pdf},
uri = {papers://385E3F6A-E184-42B6-BFDA-CCB7F1055AE8/Paper/p7520},
rating = {0}
}

@article{OConnell:2009p10071,
author = {T O'Connell and C Li and T Miller and R Zeleznik}, 
journal = {Proceedings of the 6th {\ldots}},
title = {A usability evaluation of AlgoSketch: a pen-based application for mathematics},
abstract = {  [LMM∗06, LLM∗08] recognizes handwritten mathematics in order to drive a symbolic algebra sys- tem.  [LLM∗08] LABAHN G., LANK E., MARZOUK M., BUNT A., MACLEAN S., TAUSKY D.: : A case study for inter- active pen-based mathematics. },
year = {2009},
month = {Jan},
date-added = {2010-07-26 18:37:46 +0200},
date-modified = {2010-07-26 18:37:46 +0200},
pmid = {2944964349867143202related:IjAFHnmd3igJ},
URL = {http://portal.acm.org/citation.cfm?id=1572767},
local-url = {file://localhost/Users/daniel/Documents/Papers/2009/O'Connell/Proceedings%20of%20the%206th%20%E2%80%A6%202009%20O'Connell.pdf},
uri = {papers://385E3F6A-E184-42B6-BFDA-CCB7F1055AE8/Paper/p10071},
read = {Yes},
rating = {0}
}

@article{Liu:2007p2004,
author = {T Liu and C Rosenberg and HA Rowley}, 
journal = {Proc. of the IEEE Workshop on Applications of  {\ldots}},
title = {Clustering billions of images with large scale nearest neighbor search},
year = {2007},
month = {Jan},
keywords = {MapReduce, knn}, 
date-added = {2009-11-02 10:24:43 +0100},
date-modified = {2009-12-30 12:37:43 +0100},
pmid = {76EDF870-F5F9-493B-B10E-D1262EEB4382},
URL = {http://www.csce.uark.edu/~jgauch/library/papers/Liu.2007.pdf},
local-url = {file://localhost/Users/daniel/Documents/Papers/2007/Liu/Proc.%20of%20the%20IEEE%20Workshop%20on%20Applications%20of%20%E2%80%A6%202007%20Liu-1.pdf},
uri = {papers://385E3F6A-E184-42B6-BFDA-CCB7F1055AE8/Paper/p2004},
read = {Yes},
rating = {0}
}

@article{Jaeger:2001p1208,
author = {S Jaeger and S Manke and J Reichert and A Waibel}, 
journal = {International Journal on Document Analysis and Recognition},
title = {Online handwriting recognition: the NPen++ recognizer},
abstract = { remove jitter from the  text, we  in almost every -   system  are a well-known problem in   . },
year = {2001},
month = {Jan},
date-added = {2009-06-10 22:15:36 +0200},
date-modified = {2009-12-30 13:36:09 +0100},
pmid = {4838532090243347456related:AHRI6UzrJUMJ},
URL = {http://www.springerlink.com/index/GE7L6EBCWHJACJ91.pdf},
local-url = {file://localhost/Users/daniel/Documents/Papers/2001/Jaeger/International%20Journal%20on%20Document%20Analysis%20and%20Recognition%202001%20Jaeger.pdf},
uri = {papers://385E3F6A-E184-42B6-BFDA-CCB7F1055AE8/Paper/p1208},
read = {Yes},
rating = {2}
}

@article{Koerich:2003p1562,
author = {AL Koerich and R Sabourin and CY Suen}, 
journal = {Pattern Analysis {\&} Applications},
title = {Large vocabulary off-line handwriting recognition: A survey},
year = {2003},
month = {Jan},
date-added = {2009-06-16 11:04:05 +0200},
date-modified = {2009-06-16 11:04:05 +0200},
pmid = {7734966311510818009related:2Tw38-AeWGsJ},
URL = {http://www.springerlink.com/index/2WJ0BA1JTXJA18K3.pdf},
local-url = {file://localhost/Users/daniel/Documents/Papers/2003/Koerich/Pattern%20Analysis%20&%20Applications%202003%20Koerich.pdf},
uri = {papers://385E3F6A-E184-42B6-BFDA-CCB7F1055AE8/Paper/p1562},
read = {Yes},
rating = {0}
}

@article{Tombre:2006p407,
author = {K Tombre and S Tabbone and P Dosch}, 
journal = {Lecture Notes in Computer Science},
title = {Musings on symbol recognition},
abstract = {  Hand-Sketched Figure .  Visual Processing to Interpret : An Experiment.  a Bayesian Framework for - Graphic  },
year = {2006},
month = {Jan},
date-added = {2009-06-10 09:58:52 +0200},
date-modified = {2009-06-10 20:42:33 +0200},
pmid = {8173726586637119657related:qfCrNwbpbnEJ},
URL = {http://www.springerlink.com/index/x64251054527n5r2.pdf},
local-url = {file://localhost/Users/daniel/Documents/Papers/2006/Tombre/Lecture%20Notes%20in%20Computer%20Science%202006%20Tombre.pdf},
uri = {papers://385E3F6A-E184-42B6-BFDA-CCB7F1055AE8/Paper/p407},
read = {Yes},
rating = {1}
}

@article{Malon:2008p533,
author = {C Malon and S Uchida and M Suzuki}, 
journal = {Pattern Recognition Letters},
title = {Mathematical symbol recognition with support vector machines},
abstract = { multi-class classification with , utilizing the  Keywords:   ; OCR; Mathematical document; Mathematical  . },
year = {2008},
month = {Jan},
date-added = {2009-06-10 10:41:22 +0200},
date-modified = {2010-07-30 13:55:03 +0200},
pmid = {17886551925689748244related:FAtRmzXMOfgJ},
URL = {http://linkinghub.elsevier.com/retrieve/pii/S0167865508000603},
local-url = {file://localhost/Users/daniel/Documents/Papers/2008/Malon/Pattern%20Recognition%20Letters%202008%20Malon.pdf},
uri = {papers://385E3F6A-E184-42B6-BFDA-CCB7F1055AE8/Paper/p533},
read = {Yes},
rating = {0}
}

@article{Bahlmann:2002p667,
author = {C Bahlmann and B Haasdonk and H Burkhardt}, 
journal = {Proc. of the 8th IWFHR},
title = {On-line handwriting recognition with support vector machines---a kernel approach},
abstract = {Page 1. -   with Support Vector Machines--- A Kernel Approach Claus Bahlmann, Bernard Haasdonk and Hans Burkhardt, },
year = {2002},
month = {Jan},
date-added = {2009-06-10 16:17:14 +0200},
date-modified = {2009-12-30 13:35:40 +0100},
pmid = {10613101952122414126related:LuRCrf5PSZMJ},
URL = {http://lmb.informatik.uni-freiburg.de/people/bahlmann/data/ba_ha_bu_iwfhr02-foils.pdf},
local-url = {file://localhost/Users/daniel/Documents/Papers/2002/Bahlmann/Proc.%20of%20the%208th%20IWFHR%202002%20Bahlmann.pdf},
uri = {papers://385E3F6A-E184-42B6-BFDA-CCB7F1055AE8/Paper/p667},
rating = {0}
}

@article{Watt:2005p1342,
author = {SM Watt and X Xie}, 
journal = {Maple Conference},
title = {Prototype pruning by feature extraction for handwritten mathematical symbol recognition},
pages = {423--437},
year = {2005},
date-added = {2009-06-10 23:54:33 +0200},
date-modified = {2010-01-25 12:16:29 +0100},
pmid = {14484646398578094922related:SnNjFCjNA8kJ},
local-url = {file://localhost/Users/daniel/Documents/Papers/2005/Watt/Maple%20Conference%202005%20Watt.pdf},
uri = {papers://385E3F6A-E184-42B6-BFDA-CCB7F1055AE8/Paper/p1342},
read = {Yes},
rating = {5}
}

@article{Elsayed:2008p2005,
author = {T Elsayed and J Lin and DW Oard}, 
journal = {Proceedings of the 46th Annual Meeting of the {\ldots}},
title = {Pairwise document similarity in large collections with MapReduce},
year = {2008},
month = {Jan},
date-added = {2009-11-02 10:24:43 +0100},
date-modified = {2009-12-30 12:21:14 +0100},
pmid = {A84E73B9-F19B-4049-A13F-103AFF709B1E},
URL = {http://portal.acm.org/citation.cfm?id=1557690.1557767},
local-url = {file://localhost/Users/daniel/Documents/Papers/2008/Elsayed/Proceedings%20of%20the%2046th%20Annual%20Meeting%20of%20the%20%E2%80%A6%202008%20Elsayed.pdf},
uri = {papers://385E3F6A-E184-42B6-BFDA-CCB7F1055AE8/Paper/p2005},
read = {Yes},
rating = {0}
}

@article{Miyao:2007p367,
author = {H Miyao and M Maruyama}, 
journal = {International Journal on Document Analysis and Recognition},
title = {An online handwritten music symbol recognition system},
abstract = { automatic conversions, many offline    systems have  three times longer than  to record a  has proposed an  pen-based },
year = {2007},
month = {Jan},
date-added = {2009-06-10 09:58:46 +0200},
date-modified = {2009-06-10 20:29:57 +0200},
pmid = {17635160523969321140related:tNguvA-tvPQJ},
URL = {http://www.springerlink.com/index/J17471G74824WX26.pdf},
local-url = {file://localhost/Users/daniel/Documents/Papers/2007/Miyao/International%20Journal%20on%20Document%20Analysis%20and%20Recognition%202007%20Miyao.pdf},
uri = {papers://385E3F6A-E184-42B6-BFDA-CCB7F1055AE8/Paper/p367},
read = {Yes},
rating = {0}
}

@article{Golubitsky:2009p2445,
author = {O Golubitsky and SM Watt}, 
journal = {Submitted to ICIAP},
title = {Improved Character Recognition through Subclassing and Runoff Elections},
number = {4},
volume = {2},
year = {2009},
date-added = {2009-12-30 13:12:44 +0100},
date-modified = {2010-01-25 12:17:51 +0100},
pmid = {4983548318624248785related:0fOXtMoeKUUJ},
local-url = {file://localhost/Users/daniel/Documents/Papers/2009/Golubitsky/Submitted%20to%20ICIAP%202009%20Golubitsky.pdf},
uri = {papers://385E3F6A-E184-42B6-BFDA-CCB7F1055AE8/Paper/p2445},
read = {Yes},
rating = {0}
}

@article{Borji:2008p4476,
author = {A Borji and M Hamidi and F Mahmoudi}, 
journal = {Neural Processing Letters},
title = {Robust handwritten character recognition with features inspired by visual ventral {\ldots}},
abstract = {Abstract This paper focuses on the applicability of the  inspired by the visual ventral stream for  character recognition. A set of scale and translation invariant C2  are first extracted from all images in the dataset. Three standard classifiers kNN, ANN and },
year = {2008},
month = {Jan},
date-added = {2010-03-21 14:41:39 +0100},
date-modified = {2010-03-21 14:41:39 +0100},
pmid = {14799886668939762962related:Ep0xIoPCY80J},
URL = {http://www.springerlink.com/index/g47815431u510104.pdf},
local-url = {file://localhost/Users/daniel/Documents/Papers/2008/Borji/Neural%20Processing%20Letters%202008%20Borji.pdf},
uri = {papers://385E3F6A-E184-42B6-BFDA-CCB7F1055AE8/Paper/p4476},
rating = {0}
}

@article{Hu:2008p7166,
author = {Q Hu and D Yu and Z Xie}, 
journal = {Expert systems with applications},
title = {Neighborhood classifiers},
abstract = { We study the influence of the three norms on attribute reduction and classification, and compare neighborhood  with  The experimental results show that neighborhood-based selection  is able to delete most of the redundant and irrelevant . },
year = {2008},
month = {Jan},
date-added = {2010-03-21 16:57:09 +0100},
date-modified = {2010-03-21 16:57:09 +0100},
pmid = {3153629271983027707related:-3XSPR3xwysJ},
URL = {http://linkinghub.elsevier.com/retrieve/pii/S0957417406003484},
local-url = {file://localhost/Users/daniel/Documents/Papers/2008/Hu/Expert%20systems%20with%20applications%202008%20Hu.pdf},
uri = {papers://385E3F6A-E184-42B6-BFDA-CCB7F1055AE8/Paper/p7166},
read = {Yes},
rating = {0}
}

@article{Joachims:1999p2549,
author = {T Joachims}, 
title = {Making large scale SVM learning practical},
year = {1999},
date-added = {2009-12-30 17:24:12 +0100},
date-modified = {2010-01-25 12:21:44 +0100},
pmid = {12837569295176893068related:jAJ78kE1KLIJ},
local-url = {file://localhost/Users/daniel/Documents/Papers/1999/Joachims/1999%20Joachims.pdf},
uri = {papers://385E3F6A-E184-42B6-BFDA-CCB7F1055AE8/Paper/p2549},
rating = {0}
}

@article{Chan:1998p2006,
author = {KF Chan and DY Yeung}, 
journal = {INTERNATIONAL CONFERENCE ON PATTERN  {\ldots}},
title = {Elastic structural matching for on-line handwritten alphanumeric character recognition},
year = {1998},
month = {Jan},
date-added = {2009-11-02 10:24:43 +0100},
date-modified = {2009-12-30 13:36:14 +0100},
pmid = {1531F43A-AB8C-401C-9F79-A79B3273E10F},
URL = {http://doi.ieeecomputersociety.org/10.1109/ICPR.1998.711993},
uri = {papers://385E3F6A-E184-42B6-BFDA-CCB7F1055AE8/Paper/p2006},
rating = {0}
}

@article{Labahn:2008p10029,
author = {G Labahn and E Lank and M Marzouk and A Bunt and S MacLean}, 
journal = {Proc. of SBIM},
title = {MathBrush: A case study for pen-based interactive mathematics},
abstract = { While animating diagrams allows users to see  physi- cal interpretation of abstract mathematical concepts, - ematical manipulations such as evaluating, approximating, expanding  MathJour- nal [XTh] appears to be the first commercial  for  mathematics on },
year = {2008},
month = {Jan},
date-added = {2010-07-26 18:31:59 +0200},
date-modified = {2010-07-26 18:34:52 +0200},
pmid = {863328719440625075related:s72mbuUo-wsJ},
URL = {http://www.cs.uwaterloo.ca/~msmarzou/sbim2008.pdf},
local-url = {file://localhost/Users/daniel/Documents/Papers/2008/Labahn/Proc.%20of%20SBIM%202008%20Labahn.pdf},
uri = {papers://385E3F6A-E184-42B6-BFDA-CCB7F1055AE8/Paper/p10029},
read = {Yes},
rating = {0}
}

@article{Plimmer:2008p10355,
author = {B Plimmer}, 
journal = {Journal on Multimodal User Interfaces},
title = {Experiences with digital pen, keyboard and mouse usability},
abstract = { We found during our usability  that incorrect recognition had  devastating effect on the  In keyboard actions are discrete analog signals that do not require fuzzy recognition. The  is used as  pointing device with options increased with the  buttons. },
year = {2008},
month = {Jan},
date-added = {2010-07-30 16:11:44 +0200},
date-modified = {2010-07-30 16:11:44 +0200},
pmid = {6066746545771556875related:C7AKI9dpMVQJ},
URL = {http://www.springerlink.com/index/M881173814152531.pdf},
uri = {papers://385E3F6A-E184-42B6-BFDA-CCB7F1055AE8/Paper/p10355},
rating = {0}
}

@article{Golubitsky:2008p2241,
author = {O Golubitsky and SM Watt}, 
journal = {Proceedings of the 2008 conference of the center for advanced studies on collaborative research: meeting of minds},
title = {Online stroke modeling for handwriting recognition},
year = {2008},
date-added = {2009-12-30 12:59:05 +0100},
date-modified = {2010-01-25 12:24:32 +0100},
pmid = {303182517409300847related:b0FKrOQeNQQJ},
local-url = {file://localhost/Users/daniel/Documents/Papers/2008/Golubitsky/Proceedings%20of%20the%202008%20conference%20of%20the%20center%20for%20advanced%20studies%20on%20collaborative%20research%20meeting%20of%20minds%202008%20Golubitsky.pdf},
uri = {papers://385E3F6A-E184-42B6-BFDA-CCB7F1055AE8/Paper/p2241},
read = {Yes},
rating = {0}
}

@article{Meyer:1995p10480,
author = {A Meyer}, 
journal = {ACM SIgCHI Bulletin},
title = {Pen computing: a technology overview and a vision},
abstract = {This work gives an overview of a new technology that is attracting growing interest in public as well as in the  industry itself. The visible dif~rencej~om other technologies is in the use of a  or pencil as the primary means of interaction between a user and a machine, },
year = {1995},
month = {Jan},
date-added = {2010-08-08 16:05:09 +0200},
date-modified = {2010-08-08 16:05:09 +0200},
pmid = {1695553306820842474related:6pPLxr_QhxcJ},
URL = {http://portal.acm.org/citation.cfm?id=221308},
local-url = {file://localhost/Users/daniel/Documents/Papers/1995/Meyer/ACM%20SIgCHI%20Bulletin%201995%20Meyer.pdf},
uri = {papers://385E3F6A-E184-42B6-BFDA-CCB7F1055AE8/Paper/p10480},
rating = {0}
}

@article{Fujimoto:2003p11310,
author = {M Fujimoto and T Kanahori and M Suzuki}, 
journal = {Computer Algebra Algorithms},
title = {Infty Editor--A Mathematics Typesetting Tool with a Handwriting Interface and a Graphical Front-End to OpenXM Servers},
abstract = { is a editor with on-line recognition of handwritten mathematical expressions, which was developed by our research group ([2]). In this handwriting interface, as soon as a character is written, it is rewritten by neat strokes in an appropriate position and size automatically. },
year = {2003},
month = {Jan},
date-added = {2010-08-16 17:22:00 +0200},
date-modified = {2010-08-16 17:22:00 +0200},
pmid = {14940668216518626591related:H82PeJXqV88J},
URL = {http://www.jssac.org/~murao/rims-ws/rims02/KKroku/submitted/30-fujimoto/fks.pdf},
local-url = {file://localhost/Users/daniel/Documents/Papers/2003/Fujimoto/Computer%20Algebra%20Algorithms%202003%20Fujimoto.pdf},
uri = {papers://385E3F6A-E184-42B6-BFDA-CCB7F1055AE8/Paper/p11310},
rating = {0}
}

@article{Oksuz:2008p11363,
author = {{\"O} {\"O}ks{\"u}z and U G{\"u}d{\"u}kbay and A {\c C}etin}, 
journal = {Engineering Applications of Artificial {\ldots}},
title = {A video-based text and equation editor for LaTeX},
abstract = { They match the   to tree structures and convert these trees to LaTeX .  other hand, is an online  system that uses pen-tip trajectory for . They use an -  algorithm based on nearest-neighbor classification. },
year = {2008},
month = {Jan},
date-added = {2010-08-16 17:24:17 +0200},
date-modified = {2010-08-16 17:24:17 +0200},
pmid = {related:LaSGXkKzoKsJ},
URL = {http://linkinghub.elsevier.com/retrieve/pii/S0952197607001121},
local-url = {file://localhost/Users/daniel/Documents/Papers/2008/%C3%96ks%C3%BCz/Engineering%20Applications%20of%20Artificial%20%E2%80%A6%202008%20%C3%96ks%C3%BCz.pdf},
uri = {papers://385E3F6A-E184-42B6-BFDA-CCB7F1055AE8/Paper/p11363},
rating = {0}
}

@article{Watt:2005p1816,
author = {SM Watt and X Xie}, 
journal = {IEEE International Conference on Document Analysis and Recognition (ICDAR)},
title = {Recognition for large sets of handwritten mathematical symbols},
pages = {39--43},
year = {2005},
date-added = {2009-09-02 10:34:30 +0200},
date-modified = {2010-01-25 12:15:57 +0100},
pmid = {6472277914747927591related:J_wnzHgm0lkJ},
local-url = {file://localhost/Users/daniel/Documents/Papers/2005/Watt/IEEE%20International%20Conference%20on%20Document%20Analysis%20and%20Recognition%20(ICDAR)%202005%20Watt.pdf},
uri = {papers://385E3F6A-E184-42B6-BFDA-CCB7F1055AE8/Paper/p1816},
read = {Yes},
rating = {5}
}

@article{Geng:2007p3562,
author = {X Geng and T Liu and T Qin and H Li}, 
journal = {{\ldots} of the 30th annual international ACM {\ldots}},
title = {Feature selection for ranking},
abstract = {ABSTRACT Ranking is a very important topic in information retrieval. While algorithms for learning ranking models have been intensively studied, this is not the case for , despite of its importance. The reality is that many  methods used in classification },
year = {2007},
month = {Jan},
keywords = {feature selection}, 
date-added = {2010-03-21 14:38:25 +0100},
date-modified = {2010-03-21 16:16:40 +0100},
pmid = {3880788237377077878related:dgJgMVdU2zUJ},
URL = {http://portal.acm.org/citation.cfm?id=1277741.1277811},
local-url = {file://localhost/Users/daniel/Documents/Papers/2007/Geng/%E2%80%A6%20of%20the%2030th%20annual%20international%20ACM%20%E2%80%A6%202007%20Geng.pdf},
uri = {papers://385E3F6A-E184-42B6-BFDA-CCB7F1055AE8/Paper/p3562},
rating = {0}
}

@article{Solieman:2006p1561,
author = {OK Solieman}, 
title = {Data Mining in Sports: A Research Overview},
year = {2006},
date-added = {2009-06-16 11:00:57 +0200},
date-modified = {2009-07-07 17:23:02 +0200},
pmid = {related:IIQcOdpE1D4J:scholar.google.com/},
local-url = {file://localhost/Users/daniel/Documents/Papers/2006/Solieman/2006%20Solieman.pdf},
uri = {papers://385E3F6A-E184-42B6-BFDA-CCB7F1055AE8/Paper/p1561},
read = {Yes},
rating = {5}
}

@article{Graves:2009p9413,
author = {Alex Graves and Marcus Liwicki and Santiago Ferna ndez and Roman Bertolami and Horst Bunke and Ju rgen Schmidhuber}, 
title = {A Novel Connectionist System forUnconstrained Handwriting Recognition},
pages = {1--14},
year = {2009},
month = {Mar},
date-added = {2010-04-30 15:51:43 +0200},
date-modified = {2010-07-26 18:02:36 +0200},
local-url = {file://localhost/Users/daniel/Documents/Papers/2009/Graves/2009%20Graves.pdf},
uri = {papers://385E3F6A-E184-42B6-BFDA-CCB7F1055AE8/Paper/p9413},
read = {Yes},
rating = {0}
}

@article{Richiardi:2005p3103,
author = {J Richiardi and H Ketabdar and A Drygajlo}, 
journal = {Proceedings of the Eighth {\ldots}},
title = {Local and global feature selection for on-line signature verification},
abstract = {In this paper we propose a methodology for select- ing the most discriminative features in a set for - . We expose the difference in the definition of class between and other pattern recognition tasks, and extend the classi- cal Fisher },
year = {2005},
month = {Jan},
date-added = {2010-03-21 14:34:55 +0100},
date-modified = {2010-03-21 16:05:07 +0100},
pmid = {18305494240620690941related:_b0ncgYuCv4J},
URL = {http://miplab.epfl.ch/richiardi/papers/ICDAR2005-Local_Global_Feature_Selection_Online_Signature_Verification-Richiardi.pdf},
local-url = {file://localhost/Users/daniel/Documents/Papers/2005/Richiardi/Proceedings%20of%20the%20Eighth%20%E2%80%A6%202005%20Richiardi.pdf},
uri = {papers://385E3F6A-E184-42B6-BFDA-CCB7F1055AE8/Paper/p3103},
rating = {5}
}

@article{Patel:2007p6146,
author = {R Patel and B Plimmer and J Grundy and R Ihaka}, 
journal = {Proceedings of the 4th {\ldots}},
title = {Ink features for diagram recognition},
abstract = { with an evaluation of various algorithmic approaches to combining these  should produce FJ01] Fonseca, MJ and Jorge, JA: Experimental Evaluation of an - Scribble Recognizer. Fonseca, MJ, Pimentel, C. e. and Jorge, JA: CALI: An  Scribble Recogniser for },
year = {2007},
month = {Jan},
keywords = {features}, 
date-added = {2010-03-21 16:24:04 +0100},
date-modified = {2010-03-21 16:31:03 +0100},
pmid = {6039310770519385976related:eKf_7CXxz1MJ},
URL = {http://portal.acm.org/citation.cfm?id=1384429.1384457},
local-url = {file://localhost/Users/daniel/Documents/Papers/2007/Patel/Proceedings%20of%20the%204th%20%E2%80%A6%202007%20Patel.pdf},
uri = {papers://385E3F6A-E184-42B6-BFDA-CCB7F1055AE8/Paper/p6146},
rating = {0}
}

@article{Knipping:2004p10611,
author = {L Knipping and J Schulte and E Tapia}, 
journal = {{\ldots} Technology and Smart {\ldots}},
title = {E-Chalk: A lecture recording system using the chalkboard metaphor},
abstract = { The  of -  characters is done using Support Vector Machines (see and , 2003b), a recent technique for classification and regression based on the research of Vapnik and Chervonenkis (see Vapnik, 1998). },
year = {2004},
month = {Jan},
date-added = {2010-08-08 20:36:27 +0200},
date-modified = {2010-08-08 20:36:27 +0200},
pmid = {4697936554149954386related:UkNuv2dsMkEJ},
URL = {http://www.emeraldinsight.com/Insight/ViewContentServlet?contentType=Article&Filename=/published/emeraldfulltextarticle/pdf/3630010101.pdf},
local-url = {file://localhost/Users/daniel/Documents/Papers/2004/Knipping/%E2%80%A6%20Technology%20and%20Smart%20%E2%80%A6%202004%20Knipping.pdf},
uri = {papers://385E3F6A-E184-42B6-BFDA-CCB7F1055AE8/Paper/p10611},
read = {Yes},
rating = {0}
}

@article{Tapia:2010p11430,
author = {E Tapia and R Rojas}, 
title = {Recognition of on-line handwritten mathematical formulas in the e-chalk system},
date-added = {2010-08-17 11:40:05 +0200},
date-modified = {2010-08-17 11:42:52 +0200},
pmid = {5503754733145863415related:97QICMVDYUwJ},
local-url = {file://localhost/Users/daniel/Documents/Papers/Unknown/Tapia/Tapia-1.pdf},
uri = {papers://385E3F6A-E184-42B6-BFDA-CCB7F1055AE8/Paper/p11430},
read = {Yes},
rating = {0}
}

@article{Ratzlaff:2003p1823,
author = {EH Ratzlaff}, 
journal = {Proc. of 7th Int. Conf. on Document Analysis and  {\ldots}},
title = {{\ldots}  survey for the comparison of diverse isolated character recognition results on the unipen  {\ldots}},
year = {2003},
month = {Jan},
date-added = {2009-09-02 10:40:49 +0200},
date-modified = {2009-09-02 10:41:07 +0200},
pmid = {C7850B77-E0E0-4434-8363-FCB67346AAFC},
URL = {http://www.primaresearch.org/ICDAR2003/Papers/0113_692_ratzlaff_e.pdf},
local-url = {file://localhost/Users/daniel/Documents/Papers/2003/Ratzlaff/Proc.%20of%207th%20Int.%20Conf.%20on%20Document%20Analysis%20and%20%E2%80%A6%202003%20Ratzlaff.pdf},
uri = {papers://385E3F6A-E184-42B6-BFDA-CCB7F1055AE8/Paper/p1823},
read = {Yes},
rating = {0}
}

@article{Kholmatov:2005p2751,
author = {A Kholmatov and B Yanikoglu}, 
journal = {Pattern Recognition Letters},
title = {Identity authentication using improved online signature verification method},
abstract = {We present a system for online handwritten , approaching the problem as a two-class pattern recognition problem. A test  authenticity is established by first aligning it with each reference  for the claimed user, using dynamic time warping. The },
year = {2005},
month = {Jan},
date-added = {2010-03-21 15:09:59 +0100},
date-modified = {2010-03-21 15:09:59 +0100},
pmid = {2443992826324287303related:R3-p1obO6iEJ},
URL = {http://linkinghub.elsevier.com/retrieve/pii/S0167865505001376},
local-url = {file://localhost/Users/daniel/Documents/Papers/2005/Kholmatov/Pattern%20Recognition%20Letters%202005%20Kholmatov-1.pdf},
uri = {papers://385E3F6A-E184-42B6-BFDA-CCB7F1055AE8/Paper/p2751},
rating = {0}
}

@article{Bortolozzi:2005p2059,
author = {F Bortolozzi and A de Souza Britto Jr and L Oliveira}, 
journal = {Proceedings of the IWDA},
title = {Recent advances in handwriting recognition},
abstract = { 1991), deformable templates and   (Dimauro, 1997  considerable attention since  discriminative feature  present an interesting  of feature },
year = {2005},
month = {Jan},
date-added = {2009-11-13 14:10:40 +0100},
date-modified = {2009-11-13 14:10:40 +0100},
pmid = {11536623638880415499related:C2_XbhNSGqAJ},
URL = {http://citeseerx.ist.psu.edu/viewdoc/download?doi=10.1.1.111.7326&rep=rep1&type=pdf},
local-url = {file://localhost/Users/daniel/Documents/Papers/2005/Bortolozzi/Proceedings%20of%20the%20IWDA%202005%20Bortolozzi.pdf},
uri = {papers://385E3F6A-E184-42B6-BFDA-CCB7F1055AE8/Paper/p2059},
rating = {0}
}

@article{Ann:2008p7714,
author = {C Ann and R Keogh}, 
journal = {en.scientificcommons.org},
title = {Everything you know about Dynamic Time Warping is Wrong},
abstract = { The Dynamic   (DTW) distance measure is a technique that has long been known in speech  introduced into Data Mining community as a utility for various tasks for  series problems  In spite of DTW's great success, there are still several persistent `` '' about it },
year = {2008},
month = {Jan},
keywords = {DTW}, 
date-added = {2010-03-21 17:36:45 +0100},
date-modified = {2010-03-21 18:01:50 +0100},
URL = {http://en.scientificcommons.org/43355326},
local-url = {file://localhost/Users/daniel/Documents/Papers/2008/Ann/en.scientificcommons.org%202008%20Ann.pdf},
uri = {papers://385E3F6A-E184-42B6-BFDA-CCB7F1055AE8/Paper/p7714},
read = {Yes},
rating = {0}
}

@article{Tapia:2010p11428,
author = {E Tapia and R Rojas}, 
title = {Recognition of on-line handwritten mathematical expressions in the e-chalk system-an extension},
date-added = {2010-08-17 11:40:05 +0200},
date-modified = {2010-08-17 11:41:09 +0200},
pmid = {5873689236890940455related:J3TrpT2Jg1EJ},
local-url = {file://localhost/Users/daniel/Documents/Papers/Unknown/Tapia/Tapia.pdf},
uri = {papers://385E3F6A-E184-42B6-BFDA-CCB7F1055AE8/Paper/p11428},
read = {Yes},
rating = {0}
}

@article{Graves:2008p9368,
author = {A Graves and M Liwicki and S Fern{\'a}ndez and R Bertolami and H Bunke and J Schmidhuber}, 
journal = {IEEE transactions on pattern analysis and machine intelligence},
title = {A novel connectionist system for unconstrained handwriting recognition},
pages = {855--868},
year = {2008},
date-added = {2010-03-29 10:52:45 +0200},
date-modified = {2010-03-29 10:55:54 +0200},
pmid = {11884067017017358343related:B3hBzPyv7KQJ},
local-url = {file://localhost/Users/daniel/Documents/Papers/2008/Graves/IEEE%20transactions%20on%20pattern%20analysis%20and%20machine%20intelligence%202008%20Graves.pdf},
uri = {papers://385E3F6A-E184-42B6-BFDA-CCB7F1055AE8/Paper/p9368},
rating = {0}
}

@article{Sakurai:2005p7675,
author = {Y Sakurai and M Yoshikawa and C Faloutsos}, 
journal = {Proceedings of the twenty- {\ldots}},
title = {FTW: fast similarity search under the time warping distance},
abstract = { ABSTRACT - data naturally arise in countless domains, such as meteorology, astrophysics, geology  Although DTW incurs a heavy computation cost, it provides  along the  we pro- pose FTW (Fast search method for dynamic  ), which guarantees },
year = {2005},
month = {Jan},
keywords = {DTW}, 
date-added = {2010-03-21 17:47:27 +0100},
date-modified = {2010-03-21 18:00:11 +0100},
pmid = {977162727747337432related:2Lwh21KUjw0J},
URL = {http://portal.acm.org/citation.cfm?id=1065167.1065210},
local-url = {file://localhost/Users/daniel/Documents/Papers/2005/Sakurai/Proceedings%20of%20the%20twenty-%20%E2%80%A6%202005%20Sakurai.pdf},
uri = {papers://385E3F6A-E184-42B6-BFDA-CCB7F1055AE8/Paper/p7675},
rating = {0}
}

@article{Golubitsky:2009p2321,
author = {O Golubitsky and SM Watt}, 
journal = {Submitted to ICDAR},
title = {Online Recognition of Multi-Stroke Symbols with Orthogonal Series},
number = {7},
volume = {2},
year = {2009},
date-added = {2009-12-30 13:09:06 +0100},
date-modified = {2010-01-25 12:19:25 +0100},
pmid = {12437384606321433735related:h1yzQmd3mqwJ},
local-url = {file://localhost/Users/daniel/Documents/Papers/2009/Golubitsky/Submitted%20to%20ICDAR%202009%20Golubitsky.pdf},
uri = {papers://385E3F6A-E184-42B6-BFDA-CCB7F1055AE8/Paper/p2321},
read = {Yes},
rating = {0}
}

@article{Golubitsky:2009p6267,
author = {O Golubitsky and V Mazalov and S Watt}, 
journal = {9th Asian Symposium on {\ldots}},
title = {Orientation-independent recognition of handwritten characters with integral {\ldots}},
abstract = { With mathematical handwriting, it can be difficult to detect dominant orientation from .  For the purpose of  curve classification under pressure of computational  -  are represented by the coordinate functions of consecutively joined strokes. },
year = {2009},
month = {Jan},
date-added = {2010-03-21 14:54:31 +0100},
date-modified = {2010-03-21 14:54:31 +0100},
pmid = {14319892572458453138},
URL = {http://www.csd.uwo.ca/~watt/pub/reprints/2009-ascm-rotoclass.pdf},
local-url = {file://localhost/Users/daniel/Documents/Papers/2009/Golubitsky/9th%20Asian%20Symposium%20on%20%E2%80%A6%202009%20Golubitsky.pdf},
uri = {papers://385E3F6A-E184-42B6-BFDA-CCB7F1055AE8/Paper/p6267},
read = {Yes},
rating = {0}
}

@article{Keogh:2005p7751,
author = {E Keogh and C Ratanamahatana}, 
journal = {Knowledge and Information Systems},
title = {Exact indexing of dynamic time warping},
abstract = {Abstract. The problem of  series has attracted much interest. Most algorithms used to  series utilize the Euclidean distance or some variation thereof. However, it has been forcefully shown that the Euclidean distance is a very brittle distance measure. Dy- },
year = {2005},
month = {Jan},
date-added = {2010-03-21 22:28:34 +0100},
date-modified = {2010-03-23 13:53:56 +0100},
pmid = {14810317817893397164related:rKIsQpbRiM0J},
URL = {http://www.springerlink.com/index/M4XVNJNM1RXW041W.pdf},
local-url = {file://localhost/Users/daniel/Documents/Papers/2005/Keogh/Knowledge%20and%20Information%20Systems%202005%20Keogh.pdf},
uri = {papers://385E3F6A-E184-42B6-BFDA-CCB7F1055AE8/Paper/p7751},
read = {Yes},
rating = {5}
}

@article{Hsu:2002p1813,
author = {CW Hsu and CJ Lin}, 
journal = {IEEE transactions on Neural Networks},
title = {A comparison of methods for multiclass support vector machines},
number = {2},
pages = {415--425},
volume = {13},
year = {2002},
date-added = {2009-09-02 10:34:30 +0200},
date-modified = {2010-01-25 12:13:41 +0100},
local-url = {file://localhost/Users/daniel/Documents/Papers/2002/Hsu/IEEE%20transactions%20on%20Neural%20Networks%202002%20Hsu.pdf},
uri = {papers://385E3F6A-E184-42B6-BFDA-CCB7F1055AE8/Paper/p1813},
rating = {0}
}

@article{Kherallah:2008p4512,
author = {M Kherallah and L Haddad and A Alimi and A Mitiche}, 
journal = {Pattern Recognition Letters},
title = {On-line handwritten digit recognition based on trajectory and velocity modeling},
abstract = { Simard et al., 1993]), and stroke recognition is based on the use of certain geometrical like line  Several properties of human  movements were taken.  can be involuntarily varied without changing the shape of the velocity profile of the  script ([Uno },
year = {2008},
month = {Jan},
date-added = {2010-03-21 14:41:06 +0100},
date-modified = {2010-03-21 14:41:06 +0100},
pmid = {12674873082153978147related:I8ny8ukx5q8J},
URL = {http://linkinghub.elsevier.com/retrieve/pii/S0167865507003662},
local-url = {file://localhost/Users/daniel/Documents/Papers/2008/Kherallah/Pattern%20Recognition%20Letters%202008%20Kherallah.pdf},
uri = {papers://385E3F6A-E184-42B6-BFDA-CCB7F1055AE8/Paper/p4512},
rating = {0}
}

@article{Genoe:2006p10601,
author = {R Genoe and J Fitzgerald and T Kechadi}, 
journal = {hal.archives-ouvertes.fr},
title = {A purely online approach to mathematical expression recognition},
abstract = { [10] E.  and R. , `` of - Handwrit- ten   in the -  '', The Seventh International Conference on Document Analysis and (ICDAR '03), Edinburgh, Scotland, August 3-6, 2003, pp 980-984. },
year = {2006},
month = {Jan},
date-added = {2010-08-08 20:35:45 +0200},
date-modified = {2010-08-08 20:35:45 +0200},
pmid = {2486731724398584523related:y-J4_FOlgiIJ},
URL = {http://hal.archives-ouvertes.fr/inria-00104890/},
local-url = {file://localhost/Users/daniel/Documents/Papers/2006/Genoe/hal.archives-ouvertes.fr%202006%20Genoe.pdf},
uri = {papers://385E3F6A-E184-42B6-BFDA-CCB7F1055AE8/Paper/p10601},
read = {Yes},
rating = {0}
}

@article{Anderson:2004p570,
author = {D Anderson and C Bailey and M Skubic}, 
journal = {Making Pen-Based Interaction Intelligent and Natural},
title = {Hidden Markov Model symbol recognition for sketch-based interfaces},
abstract = { a clockwise circular path with the remaining robot team following behind (Figure 9(b)). The    has been implemented in PalmOS using C++. },
year = {2004},
month = {Jan},
date-added = {2009-06-10 16:10:45 +0200},
date-modified = {2009-06-10 16:10:45 +0200},
pmid = {11379375987742281835related:axD9miuq650J},
URL = {https://www.aaai.org/Papers/Symposia/Fall/2004/FS-04-06/FS04-06-003.pdf},
local-url = {file://localhost/Users/daniel/Documents/Papers/2004/Anderson/Making%20Pen-Based%20Interaction%20Intelligent%20and%20Natural%202004%20Anderson.pdf},
uri = {papers://385E3F6A-E184-42B6-BFDA-CCB7F1055AE8/Paper/p570},
rating = {0}
}

@article{Fitzgerald:2007p10853,
author = {J Fitzgerald and F Geiselbrechtinger}, 
journal = {{\ldots} and Recognition},
title = {Mathpad: a fuzzy logic-based recognition system for handwritten mathematics},
abstract = { of  parsing which is useful not only for  ME recog- nition, but for a range of . 3.2.  Ap- plication of   to   of handwrit- ten  Automatic  rule base generation for -  alphanumeric character  },
year = {2007},
month = {Jan},
date-added = {2010-08-16 14:23:44 +0200},
date-modified = {2010-08-16 14:23:44 +0200},
pmid = {4943826580164869389related:DX3cxRQAnEQJ},
URL = {http://ieeexplore.ieee.org/xpls/abs_all.jsp?arnumber=4377004},
uri = {papers://385E3F6A-E184-42B6-BFDA-CCB7F1055AE8/Paper/p10853},
rating = {0}
}

@article{Lyon:1996p11023,
author = {R Lyon and L Yaeger}, 
journal = {{\ldots} on Microelectronics for Neural Networks and Fuzzy {\ldots}},
title = {On-line hand-printing recognition with neural networks},
abstract = { 12--14, 1996. IEEE Computer Society Press. --- Reprint -  -  with  Richard F. Lyon and Larry S. Yaeger Advanced Technology Group Apple Computer, Inc. One Infinite Loop Cupertino, CA 95014 USA E-mail: hwr@atg.apple.com },
year = {1996},
month = {Jan},
date-added = {2010-08-16 15:39:01 +0200},
date-modified = {2010-08-16 15:39:01 +0200},
pmid = {2524742161923503947related:S_fmnp6vCSMJ},
URL = {http://citeseerx.ist.psu.edu/viewdoc/download?doi=10.1.1.53.6282&rep=rep1&type=pdf},
local-url = {file://localhost/Users/daniel/Documents/Papers/1996/Lyon/%E2%80%A6%20on%20Microelectronics%20for%20Neural%20Networks%20and%20Fuzzy%20%E2%80%A6%201996%20Lyon.pdf},
uri = {papers://385E3F6A-E184-42B6-BFDA-CCB7F1055AE8/Paper/p11023},
read = {Yes},
rating = {0}
}

@article{Ratzlaff:2003p10709,
author = {EH Ratzlaff}, 
journal = {Document Analysis and Recognition},
title = {Methods, report and survey for the comparison of diverse isolated character recognition results on the unipen database},
pages = {623},
volume = {1},
year = {2003},
date-added = {2010-08-08 21:48:45 +0200},
date-modified = {2010-08-08 21:51:20 +0200},
pmid = {10041726062741816142related:TgOClaZgW4sJ},
local-url = {file://localhost/Users/daniel/Documents/Papers/2003/Ratzlaff/Document%20Analysis%20and%20Recognition%202003%20Ratzlaff.pdf},
uri = {papers://385E3F6A-E184-42B6-BFDA-CCB7F1055AE8/Paper/p10709},
read = {Yes},
rating = {0}
}

@article{Char:2008p1815,
author = {BW Char and SM Watt}, 
journal = {Proc. International Conference on Document Analysis and Recognition (ICDAR)},
title = {Representing and characterizing handwritten mathematical symbols through succinct functional approximation},
pages = {1198--1202},
year = {2008},
date-added = {2009-09-02 10:34:30 +0200},
date-modified = {2010-01-25 12:32:44 +0100},
pmid = {4609281112320313792related:wAnFKcB09z8J},
local-url = {file://localhost/Users/daniel/Documents/Papers/2008/Char/Proc.%20International%20Conference%20on%20Document%20Analysis%20and%20Recognition%20(ICDAR)%202008%20Char.pdf},
uri = {papers://385E3F6A-E184-42B6-BFDA-CCB7F1055AE8/Paper/p1815},
read = {Yes},
rating = {0}
}

@article{Fornes:2010p9464,
author = {Alicia Forn{\'e}s and Josep Llad{\'o}s and Gemma S{\'a}nchez and Dimosthenis Karatzas}, 
journal = {IJDAR},
title = {Rotation invariant hand-drawn symbol recognition based on a dynamic time warping model},
abstract = {},
pages = {1--13},
year = {2010},
month = {Mar},
keywords = {}, 
date-added = {2010-07-17 17:59:48 +0200},
date-modified = {2010-07-17 17:59:48 +0200},
doi = {10.1007/s10032-010-0114-8},
pii = {114},
local-url = {file://localhost/Users/daniel/Documents/Papers/2010/Forn%C3%A9s/IJDAR%202010%20Forn%C3%A9s.pdf},
uri = {papers://385E3F6A-E184-42B6-BFDA-CCB7F1055AE8/Paper/p9464},
rating = {0}
}

@article{Kanahori:2000p11360,
author = {T Kanahori and K Tabata and W Cong and F Tamari}, 
journal = {Advances in Multimodal {\ldots}},
title = {On-line recognition of mathematical expressions using automatic rewriting method},
abstract = {Abstract. This paper describes our system of - of . Users can input  by handwriting. As soon as a character is written, it is rewritten by neat strokes in an appropriate position and size automatically. },
year = {2000},
month = {Jan},
date-added = {2010-08-16 17:25:04 +0200},
date-modified = {2010-08-16 17:25:04 +0200},
pmid = {1482618071453116057related:maaJ3kdRkxQJ},
URL = {http://www.springerlink.com/index/anh6ttu6tc8wbvax.pdf},
local-url = {file://localhost/Users/daniel/Documents/Papers/2000/Kanahori/Advances%20in%20Multimodal%20%E2%80%A6%202000%20Kanahori.pdf},
uri = {papers://385E3F6A-E184-42B6-BFDA-CCB7F1055AE8/Paper/p11360},
read = {Yes},
rating = {0}
}

@article{Wan:2002p1563,
author = {B Wan and SM Watt}, 
journal = {Proc. International Conf. on MathML and Math on the Web ( {\ldots}},
title = {An interactive mathematical handwriting recognizer for the Pocket PC},
year = {2002},
month = {Jan},
date-added = {2009-06-16 11:04:05 +0200},
date-modified = {2009-06-16 11:04:05 +0200},
pmid = {11448114000273636835related:4318Tgff354J},
URL = {http://www.csd.uwo.ca/~watt/pub/reprints/2002-mathmlwww-pocketpc.pdf},
local-url = {file://localhost/Users/daniel/Documents/Papers/2002/Wan/Proc.%20International%20Conf.%20on%20MathML%20and%20Math%20on%20the%20Web%20(%20%E2%80%A6%202002%20Wan.pdf},
uri = {papers://385E3F6A-E184-42B6-BFDA-CCB7F1055AE8/Paper/p1563},
rating = {0}
}

@article{Uchida:2005p1878,
author = {S Uchida and H Sakoe}, 
journal = {IEICE TRANSACTIONS ON INFORMATION AND SYSTEMS E SERIES D},
title = {A survey of elastic matching techniques for handwritten character recognition},
number = {8},
pages = {1781},
volume = {88},
year = {2005},
date-added = {2009-09-13 09:50:29 +0200},
date-modified = {2010-01-25 12:15:30 +0100},
pmid = {2268365302229967442related:UiI9XDnaeh8J},
local-url = {file://localhost/Users/daniel/Documents/Papers/2005/Uchida/IEICE%20TRANSACTIONS%20ON%20INFORMATION%20AND%20SYSTEMS%20E%20SERIES%20D%202005%20Uchida.pdf},
uri = {papers://385E3F6A-E184-42B6-BFDA-CCB7F1055AE8/Paper/p1878},
read = {Yes},
rating = {0}
}

@article{Fu:2008p7674,
author = {A Fu and E Keogh and L Lau and C Ratanamahatana}, 
journal = {The VLDB Journal},
title = {Scaling and time warping in time series querying},
abstract = {  and   in    Ada Wai-Chee Fu · Eamonn Keogh · Leo Yung Hang Lau · Chotirat Ann Ratanamahatana · Raymond Chi-Wing Wong  In this paper, we study the combined effects of  and   in   . },
year = {2008},
month = {Jan},
keywords = {DTW}, 
date-added = {2010-03-21 17:34:16 +0100},
date-modified = {2010-03-21 17:39:00 +0100},
pmid = {13450518188484542538related:SkCNTQfXqboJ},
URL = {http://www.springerlink.com/index/A67445535201204T.pdf},
local-url = {file://localhost/Users/daniel/Documents/Papers/2008/Fu/The%20VLDB%20Journal%202008%20Fu.pdf},
uri = {papers://385E3F6A-E184-42B6-BFDA-CCB7F1055AE8/Paper/p7674},
read = {Yes},
rating = {0}
}

@article{Lei:2005p3049,
author = {H Lei and V Govindaraju}, 
journal = {Pattern Recognition Letters},
title = {A comparative study on the consistency of features in on-line signature verification},
abstract = {Significant research has been conducted in feature extraction and selection for the application of - (Plamondon, 1994, Plamondon and Leclerc, 1989, Brault and Plamondon, 1993, Sebastian et al., 2003, Huang and Yan, 1995, Wirtz, 1995, Wu et al., },
year = {2005},
month = {Jan},
date-added = {2010-03-21 14:31:52 +0100},
date-modified = {2010-03-21 16:05:26 +0100},
pmid = {8275547243215640013related:zdXUOV-m2HIJ},
URL = {http://linkinghub.elsevier.com/retrieve/pii/S0167865505001534},
local-url = {file://localhost/Users/daniel/Documents/Papers/2005/Lei/Pattern%20Recognition%20Letters%202005%20Lei.pdf},
uri = {papers://385E3F6A-E184-42B6-BFDA-CCB7F1055AE8/Paper/p3049},
rating = {1}
}

@article{Sun:2006p510,
author = {Z Sun and W Jiang and J Sun}, 
journal = {Lecture Notes in Computer Science},
title = {Adaptive online multi-stroke sketch recognition based on hidden markov model},
abstract = { et al: Recognizing multi-stroke , AAAI Spring  adaptation for online sketchy shape , Lecture Notes  learning algorithm based on  for online },
year = {2006},
month = {Jan},
date-added = {2009-06-10 10:42:13 +0200},
date-modified = {2009-06-10 20:30:03 +0200},
pmid = {16756969222779866796related:rI7y07m2jOgJ},
URL = {http://www.springerlink.com/index/yp1476887221t118.pdf},
local-url = {file://localhost/Users/daniel/Documents/Papers/2006/Sun/Lecture%20Notes%20in%20Computer%20Science%202006%20Sun.pdf},
uri = {papers://385E3F6A-E184-42B6-BFDA-CCB7F1055AE8/Paper/p510},
rating = {0}
}

@article{MacLean:2010p9970,
author = {S MacLean and G Labahn}, 
journal = {cs.uwaterloo.ca},
title = {Elastic matching in linear time and constant space},
abstract = { This paper presents a new, approximate version of  using a greedy approach. In the most basic form of , as applied to  recog- nition, one is given a model stroke and an input stroke, and is asked to measure the distance between them. },
year = {2010},
month = {Jan},
date-added = {2010-07-26 18:27:56 +0200},
date-modified = {2010-08-08 21:51:35 +0200},
pmid = {related:k_NeupUZShEJ},
URL = {http://www.cs.uwaterloo.ca/~smaclean/elastic-matching.pdf},
local-url = {file://localhost/Users/daniel/Documents/Papers/2010/MacLean/cs.uwaterloo.ca%202010%20MacLean.pdf},
uri = {papers://385E3F6A-E184-42B6-BFDA-CCB7F1055AE8/Paper/p9970},
read = {Yes},
rating = {0}
}

@article{Chan:2000p559,
author = {K Chan and D Yeung}, 
journal = {International Journal on Document Analysis and Recognition},
title = {Mathematical expression recognition: a survey},
abstract = { between  is built. Hence, the major task that the  has to perform is  . First, all the  are },
year = {2000},
month = {Jan},
date-added = {2009-06-10 16:11:57 +0200},
date-modified = {2010-07-26 11:12:01 +0200},
pmid = {6043499673472471906related:YhOE5e7S3lMJ},
URL = {http://www.springerlink.com/index/NGKR9789L4JNU7GY.pdf},
local-url = {file://localhost/Users/daniel/Documents/Papers/2000/Chan/International%20Journal%20on%20Document%20Analysis%20and%20Recognition%202000%20Chan.pdf},
uri = {papers://385E3F6A-E184-42B6-BFDA-CCB7F1055AE8/Paper/p559},
read = {Yes},
rating = {5}
}

@article{KC:2010p6295,
author = {S KC and C Nattee}, 
journal = {{\ldots} University Journal of Science},
title = {A Comprehensive Survey on On-line Handwriting Recognition Technology and its {\ldots}},
abstract = { in the test stage, matching takes place for identifying similar  with test  in classification.  A basic block diagram of a template- based - character recognition system is shown in    character The length of the  is divided by the total length of the },
year = {2010},
month = {Jan},
date-added = {2010-03-21 14:49:55 +0100},
date-modified = {2010-03-21 14:49:55 +0100},
URL = {http://nepjol.info/index.php/KUSET/article/viewArticle/2845},
local-url = {file://localhost/Users/daniel/Documents/Papers/2010/KC/%E2%80%A6%20University%20Journal%20of%20Science%202010%20KC.pdf},
uri = {papers://385E3F6A-E184-42B6-BFDA-CCB7F1055AE8/Paper/p6295},
read = {Yes},
rating = {0}
}

@article{Ratanamahatana:2005p7536,
author = {C Ratanamahatana}, 
journal = {Citeseer},
title = {Improving efficiency and effectiveness of dynamic time warping in large time {\ldots}},
abstract = { originally notes, DTW does not  very well to large databases because of its quadratic  Page 27. 6 novel framework can speed  DTW by many orders of magnitude and improve the  so called a 'clipped representation,' that facilitates the    },
year = {2005},
month = {Jan},
keywords = {DTW}, 
date-added = {2010-03-21 16:53:40 +0100},
date-modified = {2010-03-21 17:39:45 +0100},
pmid = {12251310595293814004related:9Jx3gRNmBaoJ},
URL = {http://citeseerx.ist.psu.edu/viewdoc/download?doi=10.1.1.122.2590&rep=rep1&type=pdf},
local-url = {file://localhost/Users/daniel/Documents/Papers/2005/Ratanamahatana/Citeseer%202005%20Ratanamahatana.pdf},
uri = {papers://385E3F6A-E184-42B6-BFDA-CCB7F1055AE8/Paper/p7536},
read = {Yes},
rating = {0}
}

@article{Fornes:2007p273,
author = {A Fornes and S Escalera and J Llados and G Sanchez}, 
journal = {Lecture Notes in Computer Science},
title = {Handwritten Symbol Recognition by a Boosted Blurred Shape Model with Error Correction},
abstract = { In this section, the architecture of the classifier for the   descriptor and its benefits for handwritten symbols  is described. },
year = {2007},
month = {Jan},
date-added = {2009-06-10 09:54:30 +0200},
date-modified = {2009-12-30 13:23:05 +0100},
pmid = {4668090926836158970related:-hFLIfdjyEAJ},
URL = {http://www.springerlink.com/index/6m404l1117050775.pdf},
local-url = {file://localhost/Users/daniel/Documents/Papers/2007/Fornes/Lecture%20Notes%20in%20Computer%20Science%202007%20Fornes.pdf},
uri = {papers://385E3F6A-E184-42B6-BFDA-CCB7F1055AE8/Paper/p273},
rating = {0}
}

@article{Li:2006p2494,
author = {M Li and IK Sethi}, 
journal = {Pattern Recognition},
title = {Confidence-based classifier design},
number = {7},
pages = {1230--1240},
volume = {39},
year = {2006},
date-added = {2009-12-30 13:18:44 +0100},
date-modified = {2010-01-25 12:21:38 +0100},
pmid = {15698573713075731298related:YvspEJ6J3NkJ},
local-url = {file://localhost/Users/daniel/Documents/Papers/2006/Li/Pattern%20Recognition%202006%20Li-1.pdf},
uri = {papers://385E3F6A-E184-42B6-BFDA-CCB7F1055AE8/Paper/p2494},
rating = {0}
}

@article{Fitzgerald:2004p10858,
author = {J Fitzgerald and F Geiselbrechtinger}, 
journal = {{\ldots} in Handwritten Recognition},
title = {Application of fuzzy logic to online recognition of handwritten symbols},
abstract = { of  to  of  John A. Fitzgerald, Franz Geiselbrechtinger, and Tahar Kechadi Department of Computer Science University College Dublin Belfield, Dublin 4, Ireland. j ohn .fitzgerald @ ucd.ie Abstract  is highly },
year = {2004},
month = {Jan},
date-added = {2010-08-16 14:20:42 +0200},
date-modified = {2010-08-16 14:20:42 +0200},
pmid = {315384013686367647related:n-Wc5xZ4YAQJ},
URL = {http://www.cs.ucd.ie/UserFiles/publications/1124283764125.pdf},
local-url = {file://localhost/Users/daniel/Documents/Papers/2004/Fitzgerald/%E2%80%A6%20in%20Handwritten%20Recognition%202004%20Fitzgerald.pdf},
uri = {papers://385E3F6A-E184-42B6-BFDA-CCB7F1055AE8/Paper/p10858},
read = {Yes},
rating = {0}
}

@article{Golubitsky:2009p2475,
author = {O Golubitsky and SM Watt}, 
journal = {Ontario Research Center for Computer Algebra Tecnical Report TR-09-02},
title = {Tie Breaking for Curve Multiclassifiers},
year = {2009},
date-added = {2009-12-30 13:17:37 +0100},
date-modified = {2010-01-25 12:32:57 +0100},
pmid = {14874127885035465057related:YWlFQ4GEa84J},
local-url = {file://localhost/Users/daniel/Documents/Papers/2009/Golubitsky/Ontario%20Research%20Center%20for%20Computer%20Algebra%20Tecnical%20Report%20TR-09-02%202009%20Golubitsky.pdf},
uri = {papers://385E3F6A-E184-42B6-BFDA-CCB7F1055AE8/Paper/p2475},
read = {Yes},
rating = {0}
}

@article{Fujisawa:2003p862,
author = {H Fujisawa and CL Liu and L Hitachi}, 
journal = {Document Analysis and Recognition, 2003. Proceedings. Seventh International Conference on},
title = {Directional pattern matching for character recognition revisited},
pages = {794--798},
year = {2003},
date-added = {2009-06-10 21:04:34 +0200},
date-modified = {2009-12-30 13:34:37 +0100},
pmid = {7747166658411772037related:hThikgd3g2sJ},
local-url = {file://localhost/Users/daniel/Documents/Papers/2003/Fujisawa/Document%20Analysis%20and%20Recognition%202003.%20Proceedings.%20Seventh%20International%20Conference%20on%202003%20Fujisawa.pdf},
uri = {papers://385E3F6A-E184-42B6-BFDA-CCB7F1055AE8/Paper/p862},
read = {Yes},
rating = {1}
}

@article{Tapia:2005p11236,
author = {E Tapia and R Rojas}, 
journal = {Document Analysis and Recognition, 2005. Proceedings. Eighth International Conference on },
title = {Recognition of on-line handwritten mathematical expressions in the e-chalk system-an extension},
abstract = {This article introduces the new version of our system for the recognition of on-line handwritten mathematical expres- sions. The previous version was capable to recognize the most common mathematical expressions, such as expres- sions of calculus, following the usual },
year = {2005},
date-added = {2010-08-16 17:08:31 +0200},
date-modified = {2010-08-16 17:11:18 +0200},
pmid = {5873689236890940455related:J3TrpT2Jg1EJ},
URL = {http://ieeexplore.ieee.org/xpls/abs_all.jsp?arnumber=1575734},
uri = {papers://385E3F6A-E184-42B6-BFDA-CCB7F1055AE8/Paper/p11236},
rating = {0}
}

@article{Joshi:2004p2132,
author = {N Joshi and G Sita and AG Ramakrishnan and S Madhvanath}, 
journal = {Proceedings of the 9th International Workshop on Frontiers in Handwriting Recognition (IWFHR-9), Tokyo},
title = {Comparison of elastic matching algorithms for online Tamil handwritten character recognition},
year = {2004},
date-added = {2009-11-13 14:17:25 +0100},
date-modified = {2010-01-25 12:23:18 +0100},
pmid = {3693984124421065642related:qssMVv2qQzMJ},
local-url = {file://localhost/Users/daniel/Documents/Papers/2004/Joshi/Proceedings%20of%20the%209th%20International%20Workshop%20on%20Frontiers%20in%20Handwriting%20Recognition%20(IWFHR-9)%20Tokyo%202004%20Joshi.pdf},
uri = {papers://385E3F6A-E184-42B6-BFDA-CCB7F1055AE8/Paper/p2132},
read = {Yes},
rating = {0}
}

@article{Golubitsky:2009p1842,
author = {O Golubitsky and SM Watt}, 
journal = {Proc. Docum. Rec and Retrieval (DRR XVI)},
title = {Online computation of similarity between handwritten characters},
volume = {1},
year = {2009},
date-added = {2009-09-13 09:44:07 +0200},
date-modified = {2010-01-25 12:21:27 +0100},
pmid = {6025360950563246892related:LBPVXdxhnlMJ},
local-url = {file://localhost/Users/daniel/Documents/Papers/2009/Golubitsky/Proc.%20Docum.%20Rec%20and%20Retrieval%20(DRR%20XVI)%202009%20Golubitsky.pdf},
uri = {papers://385E3F6A-E184-42B6-BFDA-CCB7F1055AE8/Paper/p1842},
read = {Yes},
rating = {0}
}

@article{Willems:2008p9318,
author = {D Willems and R Niels}, 
journal = {unipen.nici.ru.nl},
title = {Definitions for features used in online pen gesture recognition},
abstract = {The trajectory of an online pen gesture is described using a set of sample points. When using raw, not resampled data, these sample points correspond the locations when the position of the pen was actually measured by the input device. We define a trajectory with N sample },
year = {2008},
date-added = {2010-03-23 12:01:30 +0100},
date-modified = {2010-03-23 12:05:20 +0100},
pmid = {18178622470582135750related:xmv7kNJwR_wJ},
URL = {http://unipen.nici.ru.nl/NicIcon/data/publications/feature-definitions.pdf},
local-url = {file://localhost/Users/daniel/Documents/Papers/2008/Willems/unipen.nici.ru.nl%202008%20Willems.pdf},
uri = {papers://385E3F6A-E184-42B6-BFDA-CCB7F1055AE8/Paper/p9318},
rating = {0}
}

@article{Keshari:2007p516,
author = {B Keshari and S Watt}, 
journal = {Document Analysis and Recognition},
title = {Hybrid mathematical symbol recognition using support vector machines},
abstract = { obtaining posterior probabilities with  is an  have presented a hybrid   based mathematical  probability estimates from a  to combine },
year = {2007},
month = {Jan},
date-added = {2009-06-10 10:41:46 +0200},
date-modified = {2010-01-25 12:24:00 +0100},
URL = {http://ieeexplore.ieee.org/xpls/abs_all.jsp?arnumber=4377037},
uri = {papers://385E3F6A-E184-42B6-BFDA-CCB7F1055AE8/Paper/p516},
rating = {0}
}

@article{Xie:2007p11427,
author = {X Xie}, 
title = {On the recognition of handwritten mathematical symbols},
year = {2007},
date-added = {2010-08-17 09:35:03 +0200},
date-modified = {2010-08-17 09:35:34 +0200},
pmid = {related:D3hFNgJbd7cJ},
local-url = {file://localhost/Users/daniel/Documents/Papers/2007/Xie/2007%20Xie.pdf},
uri = {papers://385E3F6A-E184-42B6-BFDA-CCB7F1055AE8/Paper/p11427},
read = {Yes},
rating = {0}
}

@article{Fan:2008p2613,
author = {R Fan and K Chang and C Hsieh and X Wang}, 
journal = {The Journal of Machine {\ldots}},
title = {LIBLINEAR: A library for large linear classification},
abstract = { Software avail- able at http://www.csie.ntu.edu.tw/ ˜ cjlin/libsvm. C.-J. Hsieh, K.-W. Chang, C.-J. Lin, SS Keerthi, and S. Sundararajan. A dual coordinate descent method for -scale linear . In ICML, 2008. T. Joachims. Training linear  in linear time. },
year = {2008},
month = {Jan},
date-added = {2009-12-30 17:26:08 +0100},
date-modified = {2009-12-30 17:26:19 +0100},
pmid = {13789925480726068290related:QvzInSmoX78J},
URL = {http://portal.acm.org/citation.cfm?id=1390681.1442794},
uri = {papers://385E3F6A-E184-42B6-BFDA-CCB7F1055AE8/Paper/p2613},
rating = {0}
}

@article{Scheidat:2009p5016,
author = {T Scheidat and C Vielhauer and J Dittman}, 
journal = {Image and Vision Computing},
title = {Handwriting verification--Comparison of a multi-algorithmic and a multi-semantic {\ldots}},
abstract = { In our approaches alternative  contents in addition to signature are named as semantics.  In summary, this method calculates a statistical  vector of k = 69 statistical parameters ( and offline ), which are transformed into the hash value space },
year = {2009},
month = {Jan},
date-added = {2010-03-21 14:44:01 +0100},
date-modified = {2010-03-21 14:44:01 +0100},
pmid = {8443511933818276480related:gIoCQF5hLXUJ},
URL = {http://linkinghub.elsevier.com/retrieve/pii/S026288560700090X},
local-url = {file://localhost/Users/daniel/Documents/Papers/2009/Scheidat/Image%20and%20Vision%20Computing%202009%20Scheidat.pdf},
uri = {papers://385E3F6A-E184-42B6-BFDA-CCB7F1055AE8/Paper/p5016},
rating = {0}
}

@article{Kara:2005p298,
author = {L Kara and T Stahovich}, 
journal = {Computers {\&} Graphics},
title = {An image-based, trainable symbol recognizer for hand-drawn sketches},
abstract = { following paragraphs we detail these four classification methods and explain the modifications we used to better suit them to -   . },
year = {2005},
month = {Jan},
date-added = {2009-06-10 09:55:13 +0200},
date-modified = {2009-12-30 13:29:17 +0100},
pmid = {651834420228066228related:tAsRnvPHCwkJ},
URL = {http://linkinghub.elsevier.com/retrieve/pii/S0097849305000853},
uri = {papers://385E3F6A-E184-42B6-BFDA-CCB7F1055AE8/Paper/p298},
rating = {0}
}

@article{Wang:2007p3315,
author = {X Wang and J Yang and X Teng and W Xia and R Jensen}, 
journal = {Pattern Recognition Letters},
title = {Feature selection based on rough sets and particle swarm optimization},
abstract = {We propose a new  strategy based on rough sets and particle swarm optimization (PSO). Rough sets have been used as a  method with much success, but current hill-climbing rough set approaches to  are inadequate at finding optimal },
year = {2007},
month = {Jan},
keywords = {feature selection, features}, 
date-added = {2010-03-21 14:37:21 +0100},
date-modified = {2010-03-21 16:15:06 +0100},
pmid = {7400787377778931043related:YzW1tujgtGYJ},
URL = {http://linkinghub.elsevier.com/retrieve/pii/S0167865506002327},
local-url = {file://localhost/Users/daniel/Documents/Papers/2007/Wang/Pattern%20Recognition%20Letters%202007%20Wang.pdf},
uri = {papers://385E3F6A-E184-42B6-BFDA-CCB7F1055AE8/Paper/p3315},
rating = {0}
}

@article{Joachims:2006p2610,
author = {T Joachims}, 
journal = {{\ldots} conference on Knowledge discovery and data mining},
title = {Training linear SVMs in linear time},
abstract = { several orders of magnitude faster than existing decompo- sition methods on  classification problems  mulations are derived from Structural  [24, 14] previ- ously used for predicting  will show that it is equivalent to the respec- tive conventional  optimization problem },
year = {2006},
month = {Jan},
date-added = {2009-12-30 17:25:57 +0100},
date-modified = {2009-12-30 17:26:22 +0100},
pmid = {10189008607677015444related:lGX8UVihZo0J},
URL = {http://portal.acm.org/citation.cfm?id=1150402.1150429},
uri = {papers://385E3F6A-E184-42B6-BFDA-CCB7F1055AE8/Paper/p2610},
rating = {0}
}

@article{Ratanamahatana:2004p7522,
author = {C Ratanamahatana and E Keogh}, 
journal = {Third Workshop on Mining Temporal {\ldots}},
title = {Everything you know about dynamic time warping is wrong},
abstract = { This  path can be found using  programming to evaluate the following recurrence. As we shall see, the papers that try to speed  this simple approach, or relax its   are then linearly reinterpolated to have the same length of the longest  series within },
year = {2004},
month = {Jan},
keywords = {DTW}, 
date-added = {2010-03-21 16:53:47 +0100},
date-modified = {2010-03-21 16:55:01 +0100},
pmid = {1172795486366100713related:6WwI90ebRhAJ},
URL = {http://citeseerx.ist.psu.edu/viewdoc/download?doi=10.1.1.73.3623&rep=rep1&type=pdf},
local-url = {file://localhost/Users/daniel/Documents/Papers/2004/Ratanamahatana/Third%20Workshop%20on%20Mining%20Temporal%20%E2%80%A6%202004%20Ratanamahatana.pdf},
uri = {papers://385E3F6A-E184-42B6-BFDA-CCB7F1055AE8/Paper/p7522},
rating = {5}
}

@article{Llados:2002p151,
author = {J Llados and E Valveny and G Sanchez and E Mart{\'\i}}, 
journal = {Lecture Notes in Computer Science},
title = {Symbol recognition: Current advances and perspectives},
abstract = { Page 2.  : Current  and Perspectives 105  Page 4.  : Current  and Perspectives 107 },
note = {34, 63, 72},
year = {2002},
month = {Jan},
date-added = {2009-06-10 09:52:25 +0200},
date-modified = {2009-06-10 20:42:46 +0200},
pmid = {11682332969452326884related:5E8KqPD7H6IJ},
URL = {http://www.springerlink.com/index/y5260t06846w5173.pdf},
local-url = {file://localhost/Users/daniel/Documents/Papers/2002/Llados/Lecture%20Notes%20in%20Computer%20Science%202002%20Llados.pdf},
uri = {papers://385E3F6A-E184-42B6-BFDA-CCB7F1055AE8/Paper/p151},
read = {Yes},
rating = {4}
}

@article{Xi:2006p7525,
author = {X Xi and E Keogh and C Shelton and L Wei}, 
journal = {Proceedings of the {\ldots}},
title = {Fast time series classification using numerosity reduction},
abstract = { This path can be found using  programming to evaluate the following recurrence which defines the cumulative distance γ  2005), the authors use a measure based on multi- histograms  This fact strongly suggests that we are at the limit of speeding  DTW; if we wish },
year = {2006},
month = {Jan},
keywords = {DTW}, 
date-added = {2010-03-21 17:09:43 +0100},
date-modified = {2010-03-21 17:11:54 +0100},
pmid = {12770726229323407467related:a-CV5te7OrEJ},
URL = {http://portal.acm.org/citation.cfm?id=1143974},
local-url = {file://localhost/Users/daniel/Documents/Papers/2006/Xi/Proceedings%20of%20the%20%E2%80%A6%202006%20Xi.pdf},
uri = {papers://385E3F6A-E184-42B6-BFDA-CCB7F1055AE8/Paper/p7525},
rating = {0}
}

@article{Tapia:2007p9160,
author = {E Tapia and R Rojas}, 
journal = {Citeseer},
title = {A Survey on Recognition of On-Line Handwritten Mathematical Notation},
abstract = { 2.1.1   mathematical notation  Although mathematical notation is a language in many ar- eas of science, no formal  in terms of syntax  The structure can be quantified by considering width, height, stroke count, and density  on the patch and their },
year = {2007},
month = {Jan},
date-added = {2010-03-23 12:00:24 +0100},
date-modified = {2010-07-26 18:34:12 +0200},
pmid = {14749040899705335479},
URL = {http://citeseerx.ist.psu.edu/viewdoc/download?doi=10.1.1.149.7996&rep=rep1&type=pdf},
local-url = {file://localhost/Users/daniel/Documents/Papers/2007/Tapia/Citeseer%202007%20Tapia.pdf},
uri = {papers://385E3F6A-E184-42B6-BFDA-CCB7F1055AE8/Paper/p9160},
read = {Yes},
rating = {0}
}

@article{Moretti:2008p2008,
author = {C Moretti and K Steinhaeuser and D Thain and et al.}, 
journal = {International Conference on Data Mining (ICDM)},
title = {Scaling up classifiers to cloud computers},
year = {2008},
month = {Jan},
date-added = {2009-11-02 10:24:43 +0100},
date-modified = {2009-12-30 12:21:27 +0100},
pmid = {A812A072-242E-44BB-8D76-D98CD223A3BC},
URL = {http://www.nd.edu/~dial/Papers/ksteinha/ICDM08.pdf},
local-url = {file://localhost/Users/daniel/Documents/Papers/2008/Moretti/International%20Conference%20on%20Data%20Mining%20(ICDM)%202008%20Moretti.pdf},
uri = {papers://385E3F6A-E184-42B6-BFDA-CCB7F1055AE8/Paper/p2008},
read = {Yes},
rating = {0}
}

@article{Fabris:2008p9969,
author = {F Fabris and I Drago and F Varej{\~a}o}, 
journal = {Advances in Artificial Intelligence-- {\ldots}},
title = {A Multi-measure Nearest Neighbor Algorithm for Time Series Classification},
abstract = { The concept is Page 4. 156 F. Fabris, I. Drago, and FM Varej˜ao similar to Edit Distance's but while the Edit Distance only outputs the num- ber of operations made in a reduced set of ,  outputs the actual distance between the aligned curves. },
year = {2008},
month = {Jan},
date-added = {2010-07-26 18:30:38 +0200},
date-modified = {2010-07-26 18:30:38 +0200},
pmid = {related:vpS235nPaDgJ},
URL = {http://www.springerlink.com/index/04126l232782064k.pdf},
local-url = {file://localhost/Users/daniel/Documents/Papers/2008/Fabris/Advances%20in%20Artificial%20Intelligence%E2%80%93%20%E2%80%A6%202008%20Fabris.pdf},
uri = {papers://385E3F6A-E184-42B6-BFDA-CCB7F1055AE8/Paper/p9969},
rating = {0}
}

@article{Yu:2004p9336,
author = {L Yu and H Liu}, 
journal = {The Journal of Machine Learning Research},
title = {Efficient feature selection via analysis of relevance and redundancy},
abstract = { analysis and empirical evidence show that along with irrelevant features, redundant features also affect the speed and accuracy of  algorithms and  Existing    mainly exploit two approaches: individual ( )  and subset },
year = {2004},
month = {Jan},
date-added = {2010-03-23 13:53:29 +0100},
date-modified = {2010-03-23 13:53:29 +0100},
pmid = {778981211906266783related:n1Zg9kh_zwoJ},
URL = {http://portal.acm.org/citation.cfm?id=1005332.1044700},
local-url = {file://localhost/Users/daniel/Documents/Papers/2004/Yu/The%20Journal%20of%20Machine%20Learning%20Research%202004%20Yu.pdf},
uri = {papers://385E3F6A-E184-42B6-BFDA-CCB7F1055AE8/Paper/p9336},
rating = {0}
}

@article{Kara:2004p277,
author = {L Kara and T Stahovich}, 
journal = {AAAI Fall Symposium Series 2004: Making Pen-Based {\ldots}},
title = {An image-based trainable symbol recognizer for sketch-based interfaces},
abstract = { Abstract We describe a trainable, -  recognizer based on a multi-layer  scheme.  are in- ternally },
year = {2004},
month = {Jan},
date-added = {2009-06-10 09:55:38 +0200},
date-modified = {2009-12-30 13:32:40 +0100},
pmid = {6000343796494546643related:07ZGSOSARVMJ},
URL = {http://www.aaai.org/Papers/Symposia/Fall/2004/FS-04-06/FS04-06-016.pdf},
local-url = {file://localhost/Users/daniel/Documents/Papers/2004/Kara/AAAI%20Fall%20Symposium%20Series%202004%20Making%20Pen-Based%20%E2%80%A6%202004%20Kara.pdf},
uri = {papers://385E3F6A-E184-42B6-BFDA-CCB7F1055AE8/Paper/p277},
rating = {0}
}

@article{Liu:2003p983,
author = {C Liu and K Nakashima and H Sako and H Fujisawa}, 
journal = {Pattern Recognition},
title = {Handwritten digit recognition: benchmarking of state-of-the-art techniques},
abstract = {  Society. Published by Elsevier Science BV Handwritten  : benchmarking of state-of-the-art techniques. Cheng-Lin },
year = {2003},
month = {Jan},
date-added = {2009-06-10 21:34:48 +0200},
date-modified = {2009-06-10 21:34:48 +0200},
pmid = {18150222702755353827related:45T2V2KL4vsJ},
URL = {http://linkinghub.elsevier.com/retrieve/pii/S0031320303000852},
local-url = {file://localhost/Users/daniel/Documents/Papers/2003/Liu/Pattern%20Recognition%202003%20Liu.pdf},
uri = {papers://385E3F6A-E184-42B6-BFDA-CCB7F1055AE8/Paper/p983},
rating = {0}
}

@article{Jin:1998p2054,
author = {LW Jin and G Wei}, 
journal = {JOURNAL OF CIRCUITS SYSTEMS AND  {\ldots}},
title = {Handwritten Chinese character recognition with directional decomposition cellular features},
year = {1998},
month = {Jan},
date-added = {2009-11-13 14:04:41 +0100},
date-modified = {2009-11-13 14:04:44 +0100},
pmid = {8805B79C-D35E-447D-8BDC-29BC12446083},
URL = {http://www.hcii-lab.net/lianwen/Papers/%255BJCSC%25201999%255D%2520Handwritten%2520Chinese%2520Character%2520Recognition%2520with%2520Directional%2520Decomposition%2520Cellular%2520Features.pdf},
uri = {papers://385E3F6A-E184-42B6-BFDA-CCB7F1055AE8/Paper/p2054},
rating = {0}
}

@article{Labahn:2008p10301,
author = {G Labahn and E Lank and S MacLean and M Marzouk and D Tausky}, 
journal = {The Eighth IAPR International Workshop on Document Analysis Systems, 2008. DAS'08},
title = {Mathbrush: A system for doing math on pen-based devices},
pages = {599--606},
year = {2008},
date-added = {2010-07-30 13:50:15 +0200},
date-modified = {2010-08-08 21:56:09 +0200},
pmid = {2387576700690168749related:rfui_ltgIiEJ},
local-url = {file://localhost/Users/daniel/Documents/Papers/2008/Labahn/The%20Eighth%20IAPR%20International%20Workshop%20on%20Document%20Analysis%20Systems%202008.%20DAS'08%202008%20Labahn.pdf},
uri = {papers://385E3F6A-E184-42B6-BFDA-CCB7F1055AE8/Paper/p10301},
read = {Yes},
rating = {0}
}

@article{Platt:2000p11488,
author = {J Platt and N Cristianini and J Shawe-Taylor}, 
journal = {Advances in neural information {\ldots}},
title = {Large margin DAGs for multiclass classification},
abstract = {SA Solla, TK Leen and K.-R. Mќller (eds.), 547--553, MIT Press (2000)  John C. Platt Microsoft Research 1 Microsoft Way Redmond, WA 98052 jplatt@microsoft.com  Nello Cristianini Dept. of Engineering Mathematics University of Bristol Bristol, BS8 1TR - UK },
year = {2000},
month = {Jan},
date-added = {2010-08-17 11:53:17 +0200},
date-modified = {2010-08-17 11:53:17 +0200},
pmid = {9323729229885940074related:aiFH2VWKZIEJ},
URL = {http://citeseerx.ist.psu.edu/viewdoc/download?doi=10.1.1.42.6283&rep=rep1&type=pdf},
local-url = {file://localhost/Users/daniel/Documents/Papers/2000/Platt/Advances%20in%20neural%20information%20%E2%80%A6%202000%20Platt.pdf},
uri = {papers://385E3F6A-E184-42B6-BFDA-CCB7F1055AE8/Paper/p11488},
rating = {0}
}

@article{Uchida:2003p2055,
author = {S Uchida and H Sakoe}, 
journal = {Pattern Recognition},
title = {Eigen-deformations for elastic matching based handwritten character recognition},
year = {2003},
month = {Jan},
date-added = {2009-11-13 14:04:41 +0100},
date-modified = {2009-11-13 14:04:44 +0100},
pmid = {68DE3508-9C5D-41E4-8A46-CC5FA2014F4D},
URL = {http://linkinghub.elsevier.com/retrieve/pii/S0031320303000396},
uri = {papers://385E3F6A-E184-42B6-BFDA-CCB7F1055AE8/Paper/p2055},
rating = {0}
}

@article{Apte:1993p10363,
author = {A Apte and T Kimura}, 
journal = {Proceedings of 1993 IEEE Symposium on Visual {\ldots}},
title = {A comparison study of the pen and the mouse in editing graphic diagrams},
abstract = {Laboratory for -Based Silicon Paper Technology Department of Computer Science Washington University St. Louis, Missouri 63130 phone: (314) 935-6122, fax: (314) 935-7302 tdk@wucs1.wustl.edu  Submitted to 1993 IEEE/CS Symposium on Visual Languages, },
year = {1993},
month = {Jan},
date-added = {2010-07-30 16:13:41 +0200},
date-modified = {2010-07-30 16:13:41 +0200},
pmid = {12725869479163267658related:SgqD491em7AJ},
URL = {http://citeseerx.ist.psu.edu/viewdoc/download?doi=10.1.1.29.6957&rep=rep1&type=pdf},
local-url = {file://localhost/Users/daniel/Documents/Papers/1993/Apte/Proceedings%20of%201993%20IEEE%20Symposium%20on%20Visual%20%E2%80%A6%201993%20Apte.pdf},
uri = {papers://385E3F6A-E184-42B6-BFDA-CCB7F1055AE8/Paper/p10363},
read = {Yes},
rating = {0}
}

@article{Hse:2004p290,
author = {H Hse and A Newton}, 
journal = {Pattern Recognition},
title = {Sketched symbol recognition using zernike moments},
abstract = { In this work, we evaluate the effectiveness of Zernike moment features for -   along with three classification methods. },
year = {2004},
month = {Jan},
date-added = {2009-06-10 09:56:05 +0200},
date-modified = {2009-06-10 09:56:05 +0200},
pmid = {1355278885680975356related:_A2aSPfqzhIJ},
URL = {http://ieeexplore.ieee.org/xpls/abs_all.jsp?arnumber=1334128},
uri = {papers://385E3F6A-E184-42B6-BFDA-CCB7F1055AE8/Paper/p290},
rating = {0}
}

@article{Vlachos:2006p7754,
author = {Vlachos and M Hadjieleftheriou and D Gunopulos and E Keogh}, 
journal = {The VLDB Journal},
title = {Indexing multidimensional time-series},
abstract = { Watson Research Center, Hawthorne, NY, USA M. Hadjieleftheriou · D. Gunopulos · E. Computer Science  user can choose between faster retrieval and approximate solutions, or answers at  The biggest advantage of this work is that the proposed  can support },
year = {2006},
month = {Jan},
keywords = {DTW}, 
date-added = {2010-03-21 22:28:42 +0100},
date-modified = {2010-03-21 22:32:16 +0100},
pmid = {14392920334364134549related:lUxFgsnsvccJ},
URL = {http://www.springerlink.com/index/X43283885112L063.pdf},
local-url = {file://localhost/Users/daniel/Documents/Papers/2006/Vlachos/The%20VLDB%20Journal%202006%20Vlachos.pdf},
uri = {papers://385E3F6A-E184-42B6-BFDA-CCB7F1055AE8/Paper/p7754},
rating = {0}
}

@article{Hsu:2007p1731,
author = {C Hsu and S Chen and B Liu}, 
journal = {Proceedings of the 2007 annual Conference on International {\ldots}},
title = {Employing data mining to identify the significant rules for classifying body types},
abstract = { Kretchmer presented three body types, Athenic,  and Pyknic.  On the other hand,   has been successfully applied in many fields. },
year = {2007},
month = {Jan},
date-added = {2009-06-25 09:08:47 +0200},
date-modified = {2009-06-25 09:08:47 +0200},
pmid = {related:TxDkc15nfe8J:scholar.google.com/},
URL = {http://www.wseas.us/e-library/conferences/2007australia/papers/550-304.pdf},
local-url = {file://localhost/Users/daniel/Documents/Papers/2007/Hsu/Proceedings%20of%20the%202007%20annual%20Conference%20on%20International%20%E2%80%A6%202007%20Hsu.pdf},
uri = {papers://385E3F6A-E184-42B6-BFDA-CCB7F1055AE8/Paper/p1731},
rating = {0}
}

@article{Duchi:2010p11440,
author = {J Duchi and L Mackey and M Jordan}, 
journal = {eecs.berkeley.edu},
title = {On the consistency of ranking algorithms},
abstract = { of consistency for ranking meth- ods, we pursue a treatment that parallels that of Zhang (2004) for . Using the conditional risk in Eq. (2), we define a function to measure the discrim- inating ability of the surrogate ϕ. Let G(m) denote the set of possible  G over m },
year = {2010},
month = {Jan},
date-added = {2010-08-17 11:48:31 +0200},
date-modified = {2010-08-17 11:48:31 +0200},
pmid = {related:FDYa9D1dKnkJ},
URL = {http://www.eecs.berkeley.edu/Pubs/TechRpts/2010/EECS-2010-56.pdf},
local-url = {file://localhost/Users/daniel/Documents/Papers/2010/Duchi/eecs.berkeley.edu%202010%20Duchi.pdf},
uri = {papers://385E3F6A-E184-42B6-BFDA-CCB7F1055AE8/Paper/p11440},
rating = {0}
}

@article{Suzuki:2003p786,
author = {M Suzuki and F Tamari and R Fukuda and S Uchida and T Kanahori}, 
journal = {Proceedings of the 2003 ACM symposium on Document {\ldots}},
title = {Infty: an integrated ocr system for mathematical documents},
abstract = {Page 1.  --- An Integrated OCR System for Mathematical Documents  ABSTRACT An integrated OCR system for mathematical documents, called , is presented. },
year = {2003},
month = {Jan},
date-added = {2009-06-10 20:51:52 +0200},
date-modified = {2009-06-10 20:51:52 +0200},
pmid = {14774097011398964787related:M3aYkfQiCM0J},
URL = {http://portal.acm.org/citation.cfm?id=958239},
local-url = {file://localhost/Users/daniel/Documents/Papers/2003/Suzuki/Proceedings%20of%20the%202003%20ACM%20symposium%20on%20Document%20%E2%80%A6%202003%20Suzuki.pdf},
uri = {papers://385E3F6A-E184-42B6-BFDA-CCB7F1055AE8/Paper/p786},
read = {Yes},
rating = {0}
}

@article{Valveny:2007p495,
author = {E Valveny and P Dosch and A Winstanley and Y Zhou and S Yang}, 
journal = {International Journal on Document Analysis and Recognition},
title = {A general framework for the evaluation of symbol recognition methods},
abstract = { ORIGINAL PAPER A general framework for the evaluation of  methods  Keywords Performance evaluation ·   },
year = {2007},
month = {Jan},
date-added = {2009-06-10 10:00:06 +0200},
date-modified = {2009-12-30 12:39:51 +0100},
pmid = {6689763245440550012related:fMTyUzrQ1lwJ},
URL = {http://www.springerlink.com/index/4333M880786K1717.pdf},
local-url = {file://localhost/Users/daniel/Documents/Papers/2007/Valveny/International%20Journal%20on%20Document%20Analysis%20and%20Recognition%202007%20Valveny.pdf},
uri = {papers://385E3F6A-E184-42B6-BFDA-CCB7F1055AE8/Paper/p495},
read = {Yes},
rating = {0}
}

@article{Duan:2005p11426,
author = {KB Duan and SS Keerthi}, 
journal = {Multiple Classifier Systems},
title = {Which is the best multiclass SVM method? An empirical study},
pages = {278--285},
year = {2005},
date-added = {2010-08-16 18:20:40 +0200},
date-modified = {2010-08-16 18:21:04 +0200},
pmid = {12196090348667564174related:jnDm8I03QakJ},
local-url = {file://localhost/Users/daniel/Documents/Papers/2005/Duan/Multiple%20Classifier%20Systems%202005%20Duan.pdf},
uri = {papers://385E3F6A-E184-42B6-BFDA-CCB7F1055AE8/Paper/p11426},
rating = {0}
}

@article{Fierrez:2007p2933,
author = {J Fierrez and J Ortega-Garcia and D Ramos}, 
journal = {Pattern Recognition {\ldots}},
title = {HMM-based on-line signature verification: feature extraction and signature {\ldots}},
abstract = { The system is compared to other -of-the- systems based on the results of the First International   Competition (SVC 2004). A number of practical findings related to feature extraction and modeling are obtained. },
year = {2007},
month = {Jan},
date-added = {2010-03-21 14:24:08 +0100},
date-modified = {2010-03-21 14:24:08 +0100},
pmid = {7081830819481967054related:ztmi8pu3R2IJ},
URL = {http://linkinghub.elsevier.com/retrieve/pii/S0167865507002395},
local-url = {file://localhost/Users/daniel/Documents/Papers/2007/Fierrez/Pattern%20Recognition%20%E2%80%A6%202007%20Fierrez.pdf},
uri = {papers://385E3F6A-E184-42B6-BFDA-CCB7F1055AE8/Paper/p2933},
rating = {0}
}

@article{Plamondon:2000p10303,
author = {R Plamondon and SN Srihari}, 
journal = {IEEE transactions on pattern analysis and machine intelligence},
title = {On-line and off-line handwriting recognition: A comprehensive survey},
pages = {63--84},
year = {2000},
date-added = {2010-07-30 13:51:35 +0200},
date-modified = {2010-07-30 13:53:26 +0200},
pmid = {8244484622903801827related:4_dZWBVLanIJ},
local-url = {file://localhost/Users/daniel/Documents/Papers/2000/Plamondon/IEEE%20transactions%20on%20pattern%20analysis%20and%20machine%20intelligence%202000%20Plamondon.pdf},
uri = {papers://385E3F6A-E184-42B6-BFDA-CCB7F1055AE8/Paper/p10303},
rating = {0}
}

@article{Raja:2006p610,
author = {A Raja and M Rayner and A Sexton and V Sorge}, 
journal = {Lecture Notes in Computer Science},
title = {Towards a parser for mathematical formula recognition},
abstract = { Page 3. Towards a Parser for Mathematical   141 ones.  Page 5. Towards a Parser for Mathematical   143 Fig. },
year = {2006},
month = {Jan},
date-added = {2009-06-10 16:14:54 +0200},
date-modified = {2009-12-30 13:27:03 +0100},
pmid = {7885789821966167339related:Ky2v9w_0b20J},
URL = {http://www.springerlink.com/index/g772230q57tnt549.pdf},
local-url = {file://localhost/Users/daniel/Documents/Papers/2006/Raja/Lecture%20Notes%20in%20Computer%20Science%202006%20Raja.pdf},
uri = {papers://385E3F6A-E184-42B6-BFDA-CCB7F1055AE8/Paper/p610},
read = {Yes},
rating = {0}
}

@article{Tapia:2003p11202,
author = {E Tapia and R Rojas}, 
journal = {Document Analysis and Recognition, 2003. Proceedings. Seventh International Conference on },
title = {Recognition of on-line handwritten mathematical formulas in the e-chalk system},
abstract = {Systems for the recognition of mathematical formulas have been studied for many years [1, 2]. In off-line recog- nition, formulas written or printed are given in the form of images or bit-maps (static representation). In on-line recog- nition, computers with pen devices (graphics },
year = {2003},
date-added = {2010-08-16 17:08:38 +0200},
date-modified = {2010-08-16 17:11:55 +0200},
pmid = {5503754733145863415related:97QICMVDYUwJ},
URL = {http://ieeexplore.ieee.org/xpls/abs_all.jsp?arnumber=1227805},
uri = {papers://385E3F6A-E184-42B6-BFDA-CCB7F1055AE8/Paper/p11202},
rating = {0}
}

