%% This BibTeX bibliography file was created using BibDesk.
%% http://bibdesk.sourceforge.net/


%% Created for Daniel Kirsch at 2010-09-10 16:02:40 +0200 


%% Saved with string encoding Unicode (UTF-8) 



@book{andersen2006long,
	Author = {Chris Andersen},
	Date-Modified = {2010-09-10 16:02:34 +0200},
	Publisher = {HANSER},
	Title = {The Long Tail},
	Year = {2006}}
