%% This BibTeX bibliography file was created using BibDesk.
%% http://bibdesk.sourceforge.net/


%% Created for Daniel Kirsch at 2010-09-23 07:44:49 +0200 


%% Saved with string encoding Unicode (UTF-8) 



@url{analytics,
	Date-Added = {2010-09-22 18:00:23 +0200},
	Date-Modified = {2010-09-22 18:01:36 +0200},
	Title = {Google Analytics},
	Url = {http://www.google.com/analytics},
	Bdsk-Url-1 = {http://www.google.com/analytics}}

@url{json,
	Author = {Douglas Crockford},
	Date-Added = {2010-09-22 10:12:31 +0200},
	Date-Modified = {2010-09-22 10:12:53 +0200},
	Title = {JSON},
	Url = {http://www.json.org/},
	Bdsk-Url-1 = {http://www.json.org/}}

@phdthesis{rest,
	Author = {Roy Thomas Fielding},
	Date-Added = {2010-09-22 10:09:53 +0200},
	Date-Modified = {2010-09-23 07:44:47 +0200},
	School = {University of California, Irvine},
	Title = {Architectural Styles and the Design of Network-based Software Architectures},
	Year = {2000}}

@url{svg,
	Author = {W3C},
	Date-Added = {2010-09-22 10:05:54 +0200},
	Date-Modified = {2010-09-22 10:06:36 +0200},
	Title = {Scalable Vector Graphics (SVG) 1.1 (Second Edition)},
	Url = {http://www.w3.org/TR/SVG/},
	Bdsk-Url-1 = {http://www.w3.org/TR/SVG/}}

@url{ajax,
	Author = {W3C},
	Date-Added = {2010-09-22 10:03:50 +0200},
	Date-Modified = {2010-09-22 10:04:50 +0200},
	Title = {XMLHttpRequest},
	Url = {http://www.w3.org/TR/XMLHttpRequest/},
	Bdsk-Url-1 = {http://www.w3.org/TR/XMLHttpRequest/}}

@url{latex-editor-linux,
	Date-Added = {2010-09-10 14:56:48 +0200},
	Date-Modified = {2010-09-10 14:57:59 +0200},
	Lastchecked = {9-9-2010},
	Title = {Stack Overflow: What LaTeX Editor do you suggest for Linux?},
	Url = {http://stackoverflow.com/questions/1235043/what-latex-editor-do-you-suggest-for-linux},
	Bdsk-Url-1 = {http://stackoverflow.com/questions/1235043/what-latex-editor-do-you-suggest-for-linux}}

@url{latex-editor-windows,
	Date-Added = {2010-09-10 14:54:21 +0200},
	Date-Modified = {2010-09-10 14:59:56 +0200},
	Lastchecked = {9-9-2010},
	Title = {Stack Overflow: Best LaTeX editor for Windows},
	Url = {http://stackoverflow.com/questions/270121/best-latex-editor-for-windows},
	Bdsk-Url-1 = {http://stackoverflow.com/questions/270121/best-latex-editor-for-windows}}

@url{jequation,
	Date-Added = {2010-09-10 14:23:04 +0200},
	Date-Modified = {2010-09-10 15:04:26 +0200},
	Title = {JEquation},
	Url = {http://jequation.sourceforge.net/},
	Bdsk-Url-1 = {http://jequation.sourceforge.net/}}

@url{maple,
	Date-Added = {2010-09-10 14:16:13 +0200},
	Date-Modified = {2010-09-10 14:24:52 +0200},
	Title = {Maple},
	Url = {http://www.maplesoft.com/},
	Bdsk-Url-1 = {http://www.maplesoft.com/}}

@url{mathjournal,
	Author = {XThink},
	Date-Added = {2010-09-09 22:16:09 +0200},
	Date-Modified = {2010-09-09 22:29:06 +0200},
	Lastchecked = {9-9-2010},
	Title = {MathJournal},
	Url = {http://www.xthink.com},
	Year = {2010},
	Bdsk-Url-1 = {http://www.xthink.com}}

@url{ffes,
	Author = {Richard Zanibbi},
	Date-Added = {2010-09-09 07:30:43 +0200},
	Date-Modified = {2010-09-09 22:33:23 +0200},
	Lastchecked = {9-9-2010},
	Title = {FFES},
	Url = {http://research.cs.queensu.ca/drl/ffes/},
	Year = {2004},
	Bdsk-Url-1 = {http://research.cs.queensu.ca/drl/ffes/}}

@url{natural-log,
	Author = {Nicholas Matsakis},
	Date-Added = {2010-09-09 07:22:32 +0200},
	Date-Modified = {2010-09-10 15:03:42 +0200},
	Lastchecked = {9-9-2010},
	Title = {Natural Log},
	Url = {http://www.ai.mit.edu/projects/natural-log/demo/},
	Year = {1999},
	Bdsk-Url-1 = {http://www.ai.mit.edu/projects/natural-log/demo/}}

@url{jmathnotes,
	Author = {Ernesto Tapia},
	Date-Added = {2010-09-08 18:08:13 +0200},
	Date-Modified = {2010-09-10 14:25:37 +0200},
	Lastchecked = {9-8-2010},
	Read = {1},
	Title = {JMathNotes},
	Url = {http://page.mi.fu-berlin.de/tapia/projects.php},
	Year = {2004},
	Bdsk-Url-1 = {http://page.mi.fu-berlin.de/tapia/projects.php}}
